3794 6120
75 202 130 260 att
575 201 713 262 uuuuutt
730 201 975 261 conutitutis.
993 204 1068 262 (lbl‘.
1090 204 1195 263 xxxtt.
1641 220 1694 273 bib

73 321 217 390 begonem
240 318 330 374 babet.
354 319 475 386 Primus,
490 319 534 389 urai
556 334 603 384 per
617 322 705 374 omnia
719 319 791 375 vices
806 320 860 390 agit
873 323 897 380 tl
911 319 1023 376 babebat
1036 320 1191 390 discipulos,
1203 335 1270 390 quos
1282 320 1411 392 dirigebat
1424 322 1458 377 ad
1470 323 1581 395 singulis
1593 326 1693 398 aliquid

73 393 136 459 ejus
150 390 279 451 absentis.
294 398 322 444 ct
333 390 367 443 de
390 391 514 444 omnibus
537 392 697 460 respondet,
717 389 858 459 dequibus
908 391 1033 449 darrdum.
1058 391 1119 445 bleo
1142 393 1213 446 enim
1233 393 1259 445 in
1281 407 1334 445 unct
1348 395 1407 447 loro
1422 395 1541 459 sedebat,
1557 407 1586 450 ιιι
1600 414 1697 454 ‹irrrrres

71 463 146 516 solet
158 470 187 515 et
198 461 255 530 ipse
268 461 438 528 respurrdere.
453 460 591 516 Secundus
605 464 703 529 estqui
724 475 856 515 annonam
909 466 953 536 qui
968 476 1076 516 rteccssc
1092 461 1225 515 insiliebant
1236 462 1334 531 aliquid
1349 463 1383 516 ab
1397 464 1443 517 ilio
1457 477 1566 534 potere,
1585 483 1694 538 serrnper

70 531 269 601 recipientem
293 543 320 584 et
341 533 521 600 granatarium
548 545 710 585 vocamus.»
738 532 772 585 Et
796 547 856 598 cap.
909 544 1065 606 presentem
1080 533 1239 587 invenirent.
1254 551 1264 584 ι
1280 533 1356 601 Aprud
1371 534 1559 590 cluniacenses
1581 537 1633 592 illan
1650 540 1693 593 di-

69 602 195 669 teuueuti
210 618 242 653 :a
261 597 365 656 Tertius
379 610 420 655 ct
438 600 621 671 suffraganeus
645 602 764 668 ejusdem
778 603 859 657 celle·
909 605 1036 660 cebantur
1055 610 1236 670 competentes
1255 604 1326 657 born
1341 604 1438 673 quibus
1460 607 1541 660 aninri
1555 607 1693 664 relaxandi

68 672 149 738 rarii,
162 672 206 742 qui
220 673 309 725 vinum
324 672 416 738 recipit
431 684 457 726 et
471 672 618 726 custodit.»
635 674 667 726 Ει
681 672 802 741 sequenti
813 686 859 726 ca·
908 676 991 744 grauia
1011 673 1107 727 mutuis
1130 686 1190 727 sese
1202 673 1341 733 collonuiis
1363 676 1458 731 batres
1473 692 1594 733 recreare
1609 680 1692 735 debe·

68 743 151 811 pite:
171 761 180 794 ι
197 742 231 796 lit
254 743 409 796 lrortulauus
429 744 508 798 debet
528 743 666 797 cellerario
688 756 749 797 esse
769 744 858 812 sunje-
908 747 982 801 bant.
1004 744 1041 798 lta
1062 743 1189 797 discimus
1211 758 1245 797 ex
1272 743 1412 813 Udalrico,
1434 746 1510 815 cuijus
1533 748 1590 802 baec
1610 756 1692 805 verba

23 870 26 875 ,
68 825 145 867 ctus.
162 831 172 864 v
188 812 287 868 Eodem
307 812 361 868 lere
375 812 453 866 nrndu
469 813 611 881 loquuntur
632 827 696 868 nrss.
711 811 858 868 Consuetu-
908 815 978 884 (Lib.
991 829 1029 876 ur,
1044 829 1067 867 c.
1079 814 1124 884 ll)
1139 830 1147 865 ι
1163 813 1293 880 «Quoties
1308 814 1451 883 loquuntur
1465 818 1490 870 in
1505 819 1632 883 claustro,
1646 835 1692 874 ra-

67 884 150 938 ‹lines
163 883 192 938 S.
208 882 316 951 benigni
328 882 494 938 birinuensis
504 883 579 955 (Cup.
590 883 649 954 38),
662 885 783 940 scilicet:
800 903 809 935 ι
825 884 857 939 ili
908 888 1048 948 irrorarius,
1064 885 1105 939 vet
1120 884 1177 950 eius
1186 885 1286 952 iunior,
1298 884 1343 954 qui
1354 893 1453 940 clavem
1468 903 1580 942 eurrrera
1594 901 1690 957 portat,

68 965 163 1007 aretem
184 963 247 1007 sunt
266 967 333 1022 quus
354 953 431 1009 babet
453 952 634 1024 suffraganeos
655 956 855 1024 :granetarius,
908 970 1042 1024 uurruuam
1066 954 1146 1010 debet
1164 958 1273 1020 deesse3
1296 968 1358 1010 tuuc
1377 957 1447 1011 enim
1464 959 1601 1013 auditurus
1614 973 1692 1015 esta

66 1033 164 1078 eustos
178 1025 254 1092 panis
267 1034 295 1079 et
309 1024 379 1088 uini,
394 1035 423 1079 ct
435 1023 603 1079 hortulanus.
621 1024 668 1078 Est
683 1039 788 1094 rpuoque
802 1025 857 1093 pri·
907 1028 1019 1099 singulis
1029 1025 1090 1095 uuiti
1100 1026 1154 1092 ille,
1165 1035 1210 1079 aut
1224 1025 1269 1080 ille
1279 1040 1345 1095 opus
1356 1024 1465 1091 babeat;
1477 1039 1502 1081 et
1515 1044 1564 1082 nec
1574 1032 1607 1084 ad
1620 1033 1693 1100 tpsns

68 1108 135 1149 nrrrs
149 1093 242 1148 bonnm
256 1093 362 1163 paridam
380 1096 472 1158 irater,
488 1096 532 1163 qui
554 1097 588 1149 ad
603 1095 727 1150 solatium
743 1096 766 1150 ei
778 1095 856 1150 datus
907 1112 1006 1166 pueros
1016 1097 1108 1151 venire
1121 1095 1243 1166 negligit,
1258 1105 1287 1150 ut
1300 1096 1334 1150 ab
1348 1099 1388 1151 eis
1402 1100 1424 1149 si
1450 1098 1513 1166 quid
1534 1101 1568 1152 sit
1586 1116 1638 1169 ntro
1653 1103 1693 1154 iu·

67 1173 124 1227 est,
139 1174 167 1218 et
181 1180 227 1232 per
242 1165 329 1218 omnia
351 1165 435 1220 ricem
450 1164 504 1233 agit
526 1165 608 1233 ipsius
629 1164 768 1229 absentis3
784 1176 811 1221 et
823 1166 857 1221 de
907 1167 1033 1236 digeant,
1050 1166 1210 1222 sciscitetur.
1227 1168 1297 1236 Ergo
1310 1181 1341 1221 ea
1362 1171 1419 1223 vioe
1439 1170 1484 1222 dat
1504 1169 1629 1239 ‹pridmud
1651 1180 1693 1225 est

66 1234 197 1290 onrnibns
210 1234 408 1302 respondetote
421 1236 519 1304 uuibrrs
533 1245 560 1289 et
580 1238 637 1307 ipsc
657 1236 725 1292 solet
746 1251 856 1306 respon·
906 1237 1035 1302 dandum,
1047 1252 1080 1292 ne
1094 1240 1115 1291 si
1127 1236 1233 1300 iratres,
1246 1238 1291 1308 qui
1302 1239 1335 1291 ab
1346 1253 1379 1292 eo
1388 1241 1421 1292 ad
1434 1238 1512 1292 aliam
1525 1240 1692 1309 limamque

66 1304 147 1360 clerc.
161 1305 253 1360 Frater
266 1307 355 1369 etiam,
370 1307 415 1373 oui
431 1307 516 1375 pisces
530 1314 677 1375 comparat,
691 1304 741 1360 sub
755 1320 788 1361 eo
802 1316 855 1362 est.
907 1309 1040 1362 silentium
1052 1315 1105 1373 est,
1121 1307 1285 1378 quesierint,
1300 1309 1433 1363 sitentium
1451 1318 1542 1364 tencre
1557 1326 1609 1363 nou
1631 1325 1692 1379 pos·

68 1373 120 1429 llic
136 1385 222 1442 potest
237 1385 297 1447 post
310 1390 436 1445 vesperas
447 1377 481 1430 de
500 1377 662 1431 monasterio
676 1376 762 1440 exire,
775 1385 803 1431 et
821 1378 854 1431 ad
906 1378 971 1433 sint.
991 1397 999 1427 ι
1019 1378 1051 1432 lit
1062 1379 1124 1433 alibi
1139 1392 1220 1447 argens
1233 1378 1266 1432 de
1279 1380 1319 1433 bis
1332 1394 1390 1449 quie
1405 1395 1455 1433 ιιοιι
1473 1381 1532 1434 licet
1544 1381 1629 1435 lacere
1640 1383 1691 1435 nisi

66 1444 249 1501 obedientiam
265 1447 336 1501 illam
348 1448 396 1511 ire,
408 1462 468 1514 uuae
478 1447 539 1500 lruic
552 1448 657 1517 negotiu
667 1447 790 1514 deputata
802 1456 854 1503 est.
906 1452 939 1501 ud
956 1452 1047 1504 boram
1065 1449 1207 1516 loquendi,
1223 1448 1258 1502 ita
1279 1449 1355 1504 liubet
1376 1449 1444 1519 (Lib.
1460 1464 1490 1504 u.
1505 1466 1529 1503 c.
1549 1448 1596 1518 ΞΟ)
1610 1466 1617 1506 :
1633 1468 1642 1501 ι
1662 1450 1692 1505 Si

67 1514 102 1571 lli
118 1531 212 1571 omnes
226 1531 390 1586 nequaquam
406 1517 502 1572 debent
516 1517 648 1574 obsistere
675 1528 809 1585 praerepto
828 1527 855 1572 et
906 1518 968 1588 quid
980 1533 1046 1589 opus
1067 1520 1171 1573 noireto
1191 1520 1479 1588 camerariouuaerere,
1498 1530 1560 1575 tunc
1578 1521 1693 1575 unianimo

66 1585 200 1641 uoluntati
211 1588 354 1656 cellerarii,
367 1588 416 1641 nisi
432 1587 556 1657 talequid
570 1588 717 1657 praecipiat,
734 1590 803 1656 quod
818 1590 854 1644 sit
907 1592 1010 1656 uuurit.
1027 1608 1036 1640 ι
1053 1590 1122 1645 idern
1139 1591 1313 1657 praescribunt
1334 1589 1508 1644 Divionenses
1527 1593 1556 1644 S.
1583 1591 1691 1661 benigni

66 1657 196 1712 darnnum
207 1658 364 1713 ecclesie.»
382 1660 480 1714 iturum
493 1660 611 1713 omnium
623 1657 709 1713 cilicie
723 1660 853 1727 descripta
869 1690 892 1751 B
906 1661 1119 1716 Crtrrsuetudines
1139 1674 1164 1714 c.
1184 1659 1229 1715 li.
1252 1662 1328 1727 Quod
1353 1676 1402 1715 uec
1423 1662 1535 1716 obscure
1556 1661 1691 1715 insinuant

67 1724 277 1783 uermerium
299 1728 433 1798 predictis
445 1727 697 1794 Consuetudinibus,
710 1736 765 1784 turn
784 1732 853 1800 apud
906 1730 1075 1786 llildemarns
1097 1739 1124 1786 et
1152 1730 1280 1800 praecitati
1300 1730 1463 1798 Smaragdos
1489 1741 1516 1785 et
1542 1732 1692 1786 llernardus

68 1797 235 1853 Udnlricum.
905 1802 1082 1870 cassinensis,
1097 1815 1156 1855 cum
1172 1803 1250 1854 boras
1271 1810 1451 1866 competentes
1476 1817 1535 1855 esse
1558 1812 1690 1866 asserunt,

107 1866 187 1923 lionis
200 1869 407 1937 competentibus,
418 1866 483 1940 ete]
499 1868 579 1924 llorae
588 1879 769 1939 competentes
779 1872 855 1927 Sura·
905 1873 1012 1940 quando
1032 1872 1166 1927 silentium
1190 1883 1282 1925 terrere
1301 1871 1397 1926 iratres
1416 1887 1467 1925 nou
1491 1871 1606 1938 debent,
1633 1876 1691 1929 sive

65 1937 152 2007 ragdo
171 1950 234 1994 sum
259 1956 269 1990 ι
283 1941 356 1993 barrae
382 1940 589 2006 contrementes,
610 1949 637 1994 rt
658 1952 853 2014 congruentes,
906 1944 1005 2011 legere,
1018 1943 1185 1997 autorationi
1195 1956 1307 1998 vacare:
1319 1943 1389 1996 inem
1402 1943 1434 1995 sit
1445 1942 1573 2010 justicium
1584 1947 1617 1997 de
1629 1954 1691 1997 tem·

65 2010 176 2077 uuanda
190 2027 206 2063 u
219 2025 330 2080 rumque
352 2010 414 2065 lieet
434 2011 568 2079 utrisque,
594 2010 620 2065 id
642 2021 697 2080 est,
714 2023 741 2066 et
756 2014 854 2081 petenti
906 2014 1134 2078 perenatasset
1153 2012 1336 2078 comestionis,
1351 2026 1405 2083 quo
1422 2013 1544 2066 strictum
1564 2010 1690 2069 lintribus

66 2089 173 2147 putere,
186 2091 214 2135 et
227 2081 292 2134 dare
302 2080 422 2136 dannann.
432 2080 497 2136 Naar
508 2081 614 2150 quaudo
626 2082 668 2137 vel
683 2084 798 2149 lectioni,
812 2083 854 2138 vel
906 2083 1039 2139 silentium
1050 2084 1176 2138 iudiuurm
1187 2095 1239 2137 est.

65 2151 292 2205 oratiouidcbent
311 2164 419 2216 vacare,
439 2153 627 2222 silentiumque
642 2165 732 2208 tenere
747 2154 855 2226 (inquit)
943 2153 1039 2208 Dentur
1056 2170 1113 2225 quoe
1132 2154 1218 2206 durtdc
1236 2161 1309 2218 sunt,
1328 2160 1353 2206 et
1372 2160 1489 2220 petuntur
1507 2169 1563 2220 qnae
1581 2156 1690 2224 petendu

65 2220 119 2273 ni=i
140 2235 220 2275 rausa
240 2222 406 2277 necessitatis
425 2236 475 2276 nec
494 2231 586 2290 petere
608 2224 667 2285 uni,
689 2239 739 2278 nec
754 2223 854 2279 donare
906 2224 988 2295 aunt}
1001 2224 1048 2279 ilie
1063 2223 1143 2279 tacite
1154 2223 1242 2277 urnnia
1255 2222 1387 2290 superflua
1400 2237 1431 2277 ae
1442 2234 1520 2276 statur
1544 2236 1690 2279 trinitusnco

66 2290 162 2345 licebat
176 2291 289 2345 alteria
314 2290 398 2347 Siurii
419 2291 476 2347 lere
497 2293 577 2348 modo
598 2293 749 2349 bernardus
771 2295 857 2350 Cassi·
905 2294 1038 2350 contraria
1050 2296 1079 2350 S.
1089 2295 1284 2350 l'.llenedietus
1298 2303 1411 2355 resecat,
1423 2294 1691 2348 cellerarioruasuia·

65 2374 101 2415 ne
112 2365 160 2415 esis
171 2361 250 2415 inuras
262 2371 445 2428 competentes
456 2371 543 2431 vireat,
559 2363 685 2432 cquando
696 2365 791 2420 iratres
803 2381 854 2419 nnn
906 2380 971 2436 gens
985 2365 1018 2419 ad
1032 2365 1103 2420 solas
1120 2379 1164 2418 res
1185 2363 1348 2418 trecenarius
1368 2363 1580 2428 distribuendas;
1599 2368 1690 2418 dentur

65 2441 131 2485 aunt
151 2433 178 2484 in
198 2432 258 2486 aliis
271 2432 350 2486 ratde
369 2433 529 2489 necessariis
548 2435 687 2504 occupatt;
710 2450 764 2490 uon
785 2436 855 2491 enim
905 2436 1059 2504 qrroedcadc
1077 2444 1156 2499 errrrt,·
1174 2444 1201 2490 ct
1216 2435 1310 2488 iratres
1324 2434 1357 2488 ad
1378 2435 1491 2503 peteuda
1510 2449 1567 2500 qun
1584 2439 1691 2490 uerenda

64 2511 131 2557 sunt
141 2500 223 2573 [013
236 2503 308 2556 nora
326 2514 509 2572 competentes
529 2505 561 2558 ad
577 2506 689 2574 petetrda
704 2506 856 2562 necessaria
908 2517 977 2567 ιιιιιι.
991 2516 1019 2560 et
1033 2520 1085 2560 non
1099 2506 1160 2559 alia.

64 2572 100 2628 tle
116 2583 211 2637 trocte;
226 2574 267 2627 vel
281 2572 388 2640 uuundo
403 2574 499 2629 iratres
512 2576 665 2642 psalmodiae
679 2577 722 2631 uel
747 2576 855 2632 lectioni
944 2575 978 2632 Ut
987 2592 1060 2629 nenio
1072 2574 1229 2644 perturbetur
1239 2585 1316 2642 neque
1326 2576 1487 2629 contristetur
1498 2575 1524 2628 in
1533 2575 1608 2627 domo
1620 2571 1690 2645 Dei]

65 2653 180 2707 ruram,-
193 2643 264 2698 rande
278 2644 427 2707 iltisboris,
443 2645 495 2699 nisi
513 2647 659 2701 necessitas
680 2656 781 2718 urgeat,
802 2662 855 2702 non
907 2645 963 2701 lioc
984 2656 1026 2701 est
1045 2649 1070 2700 in
1090 2644 1268 2704 monasterio:
1291 2661 1300 2694 ι
1322 2645 1389 2700 lere
1408 2660 1477 2698 enirn
1500 2645 1691 2699 ruurrnsteriunr

65 2714 147 2769 debet
159 2715 314 2768 cellerarius
329 2727 373 2767 aru
393 2715 438 2768 alii
458 2716 585 2772 officiales
606 2716 758 2788 inquietari.
777 2719 857 2771 ›nd·
907 2716 1002 2772 domus
1019 2717 1132 2779 licien,
1149 2716 1232 2784 iniquit
1248 2714 1396 2769 llielrardus
1408 2716 1442 2768 de
1455 2719 1552 2769 sarrcto
1569 2713 1690 2783 bugeio,

65 2786 173 2853 danne:
185 2801 195 2834 ι
206 2783 409 2853 lticuntautiqui
420 2784 512 2841 Patres
523 2786 607 2842 nostri
619 2787 690 2854 quod
703 2787 857 2843 cellerarius
906 2788 968 2857 quia
982 2787 1017 2840 ini
1025 2800 1131 2855 semper
1140 2799 1264 2839 oratur.»
1278 2785 1359 2839 Addit
1369 2785 1534 2839 Nicolausite
1547 2783 1691 2840 i'rauura:

65 2855 148 2910 debet
162 2856 262 2909 babere
274 2864 373 2909 certam
387 2855 493 2917 sedem,
510 2869 537 2910 et
550 2859 585 2912 ibi
598 2857 696 2912 debent
708 2872 768 2912 eum
783 2859 856 2913 iuve-
911 2875 920 2908 ι
939 2856 967 2910 ln
988 2871 1042 2925 quo
1061 2855 1116 2911 Deo
1132 2855 1274 2909 servimus.
1292 2874 1302 2906 ι
1320 2854 1368 2909 liet
1383 2855 1419 2909 eti
1430 2873 1475 2920 ιιι,
1494 2874 1503 2905 ι
1525 2855 1620 2909 drrrrms
1643 2855 1690 2910 liei

65 2924 127 2979 nire
141 2923 324 2979 suboldeiales
334 2924 391 2987 sui,
405 2934 434 2980 ut
447 2941 499 2981 non
513 2937 646 2996 rpuaeratnr
661 2942 709 2997 per
723 2938 857 2982 monaste·
907 2926 1040 2982 bonorum
1052 2928 1241 2980 monachorum
1255 2925 1424 2980 sanctissima
1436 2926 1532 2989 corda,
1552 2933 1579 2978 et
1599 2940 1692 2980 curum

65 2996 174 3050 tium.»
202 2994 250 3050 libi
275 2996 407 3065 respicere
428 2997 532 3052 ridetur
552 2998 585 3051 ad
610 2997 654 3052 illa
676 2998 756 3053 verba
769 2997 857 3053 llilde·
908 3009 971 3052 sunt
986 2999 1126 3065 purissima
1147 2995 1312 3063 habitacula,
1329 2998 1354 3049 iu
1375 2997 1470 3066 quibus
1489 2995 1692 3051 vrrvnrdissmnnu

65 3063 136 3120 atari
151 3083 160 3118 :
179 3083 190 3146 ¹.
207 3064 305 3119 Ferunt
319 3066 380 3135 quia
393 3067 463 3136 apud
477 3069 599 3136 antiquos
613 3083 672 3124 uros
685 3068 781 3133 luerit,
795 3068 855 3139 quia
869 3060 892 3124 C
910 3067 1021 3122 llomiuo
1031 3081 1080 3123 suo
1091 3067 1210 3136 prebent
1222 3068 1431 3132 babitaculuur,r
1446 3076 1474 3120 ut
1485 3067 1600 3136 loquitur
1614 3069 1692 3122 Sirra·

65 3134 226 3192 cellerarius
238 3137 264 3190 in
278 3135 404 3191 eatbedra
420 3138 446 3191 in
461 3139 520 3193 loco
542 3152 591 3193 suo
606 3145 669 3193 noto
685 3138 814 3204 sedebat,
829 3147 856 3194 et
909 3139 1016 3208 ragdos.

66 3267 1691 3319 w

667 3418 861 3506 CAPUT
884 3418 1084 3503 XXXII.

557 3577 607 3643 'De
623 3583 816 3661 ferramentis
841 3584 888 3646 uel
906 3581 997 3645 rebus
1015 3577 1204 3642 tnoncsterr't'.

95 3720 372 3796 klk⁸Substanticu
385 3726 859 3785 nrnnnsteriiinlerramentisvelues·
910 3727 973 3783 dum
994 3726 1044 3782 sibi
1063 3725 1089 3779 in
1107 3725 1164 3792 ipsa
1182 3721 1313 3791 assignata
1329 3719 1423 3775 iratres
1442 3718 1559 3775 vicissim
1575 3717 1587 3760 ί
1601 3733 1693 3776 succe-

65 3810 151 3878 tlbus,
166 3828 214 3871 seu
229 3817 389 3886 quibuslibet
403 3816 653 3886 rebusprouidnatb
668 3819 750 3873 abbas
763 3818 858 3875 iratres
909 3820 985 3883 dunt,
1001 3817 1067 3871 sciat
1080 3813 1144 3886 qrrid
1158 3812 1203 3867 dat
1221 3821 1266 3867 aut
1286 3810 1348 3881 quid
1365 3811 1467 3880 recipit.
1483 3811 1585 3882 Siquis
1604 3821 1694 3868 autem

64 3902 567 3975 tlequurunrvitaetnroribussecurus
580 3909 856 3978 streetetsstngula,
908 3906 1017 3965 sordide
1029 3913 1075 3959 atrt
1095 3904 1261 3973 negligenter
1282 3915 1326 3955 res
1349 3901 1504 3956 vnouasterii
1527 3901 1695 3967 tractaverit,

65 4006 97 4054 ut
111 3998 180 4055 utile
194 3998 371 4070 judicaverit,
394 4004 533 4072 consignet
548 4002 721 4058 custodienda
743 3999 756 4039 ἃ
776 4011 856 4073 alque
908 3996 1084 4067 corripiatur;
1101 3997 1122 4050 si
1137 4008 1189 4049 non
1203 3991 1401 4058 emendaverit,
1417 3992 1564 4061 disciptinae
1578 3992 1695 4063 regulari

65 4088 261 4160 recolligenda.
277 4092 316 4147 lia
335 4093 431 4164 quibus
446 4093 529 4149 abbas
550 4093 659 4150 breuem
676 4102 688 4130 ι
706 4103 812 4149 teneat:
827 4102 856 4148 ut
906 4087 1051 4158 subjaccat.

103 4257 119 4287 ⁸
133 4248 235 4315 oxon..
248 4249 343 4317 Cone..
359 4250 450 4313 Flor.,·
460 4250 548 4317 uass..
565 4250 726 4308 Substantia.
946 4245 1073 4310 loton,
1088 4245 1283 4301 corretituendu.

101 4316 216 4374 huson.
228 4330 255 4374 et
266 4320 343 4392 lagu,
356 4321 500 4392 praecident.
948 4328 960 4355 ⁸
973 4318 1029 4383 bl..
1046 4318 1125 4371 breue.
1547 4386 1553 4399 .
1571 4386 1578 4399 ι

104 4398 119 4428 ‘
134 4388 206 4445 ttttd.
217 4390 306 4458 deest,
317 4393 360 4446 cit.
948 4385 959 4426 ἲ
974 4393 1072 4453 tiron..
1086 4387 1176 4452 Cass„
1189 4384 1285 4452 Gonu,
1301 4383 1404 4441 Concb.
1420 4385 1514 4449 liade,
1528 4388 1635 4445 erretur.

729 4631 1052 4699 uouttuuuautus.

104 4784 265 4843 Substantia
280 4782 456 4856 monasterii]
475 4785 542 4855 Qum
565 4784 721 4840 stilistantinr
748 4784 856 4838 nomine
870 4785 897 4848 D
910 4781 984 4849 (lum,
1000 4799 1010 4834 r
1024 4781 1108 4850 inutrit
1120 4779 1267 4835 bichardus
1278 4780 1311 4835 du
1322 4778 1351 4836 S.
1368 4781 1479 4848 dngrlo.
1491 4775 1541 4833 Ubi
1552 4775 1698 4834 ferramen-

69 4857 116 4913 bic
133 4855 313 4925 intelligatur,
328 4857 444 4922 explicat
468 4857 619 4911 bernardus
634 4856 801 4910 cassinensis
814 4855 855 4909 lris
909 4863 995 4907 torum
1018 4852 1127 4907 nomine
1151 4852 1239 4905 omnia
1263 4851 1385 4920 intelligit
1409 4853 1583 4930 instrumenta
1599 4849 1697 4917 quibus

68 4926 163 4985 uerbis
178 4944 185 4978 :
205 4944 215 4978 ι
231 4926 382 4981 Substantia
398 4943 446 4995 pro
468 4928 547 4981 rebus
560 4927 613 4981 illis
628 4924 723 4993 uuibrrs
743 4927 856 4979 vivimus
910 4924 981 4978 inter
996 4922 1169 4977 laborandum
1182 4920 1279 4975 iratres
1290 4932 1408 4986 uturrtur,
1427 4940 1436 4971 ι
1456 4919 1512 4973 sire
1527 4927 1581 4973 stut
1595 4935 1626 4974 es
1641 4919 1698 4976 ler-

65 5008 94 5055 ει
107 4996 291 5063 absistimus,
304 4999 346 5052 rel
358 5013 417 5065 urire
428 4997 460 5050 ad
473 5007 591 5052 nostram
608 4994 783 5050 substantiam
795 5003 858 5049 sunt
909 5010 950 5061 ru,
967 4994 1023 5048 sire
1038 5008 1071 5047 ct
1086 5008 1150 5056 tere,
1165 4993 1222 5048 sivo
1234 4992 1313 5046 etiarn
1328 4991 1454 5045 sintrasn
1470 4992 1503 5044 de
1519 4989 1607 5059 liguis,
1627 5010 1637 5043 v
1660 4992 1699 5047 ait

65 5066 240 5133 cooperativa
256 5069 418 5137 intelligitur.
443 5085 452 5118 r
478 5066 552 5134 Quod
569 5067 644 5129 nuasi
660 5080 796 5134 exponens
812 5064 857 5119 ltt-
909 5062 1247 5120 bernarduscassinensis.
1259 5062 1292 5115 Et
1303 5060 1509 5116 llitdemaruszc
1526 5060 1700 5117 Ferramenta

68 5138 189 5193 ebarcius
203 5139 237 5192 de
248 5138 348 5193 Sancto
362 5139 464 5203 dngelo
474 5139 530 5191 ait:
547 5137 632 5191 «Puta
644 5152 765 5206 granium,
782 5136 859 5192 irrite·
909 5135 1023 5189 attinent
1037 5134 1069 5187 ad
1084 5148 1211 5201 sappam,
1228 5133 1260 5187 ud
1280 5146 1418 5198 securem,
1442 5148 1489 5186 seu
1504 5129 1650 5199 dolatoria,
1671 5142 1700 5186 et

66 5224 145 5274 utrm,
161 5208 301 5273 bordenrn,
320 5220 347 5264 et
359 5209 465 5262 similia.
489 5226 498 5258 v
517 5207 625 5263 llectius
638 5216 723 5262 cannen
738 5221 798 5261 meo
811 5205 857 5276 ju·
910 5205 1013 5272 reliqua
1026 5205 1068 5258 bis
1077 5204 1186 5257 similia.
1207 5222 1216 5254 ι

65 5278 141 5336 tliclo
161 5278 290 5333 balterius
311 5280 337 5333 in
361 5279 479 5333 secundo
492 5292 591 5331 comm.
615 5276 788 5331 srrb=tantiam
814 5277 857 5330 bic
948 5273 996 5328 Vei
1009 5270 1152 5340 uestibus]
1172 5273 1246 5328 llunc
1268 5273 1356 5327 luerim
1372 5288 1425 5326 non
1450 5273 1484 5326 ita
1505 5269 1698 5326 rectaridetur

66 5350 262 5419 interpretum
282 5364 329 5418 pro
347 5350 427 5405 rebus
443 5349 585 5403 mobilibus
602 5349 770 5412 monasteril;
785 5347 857 5415 otrod
909 5343 1077 5401 intellexisse
1091 5343 1269 5409 lliblemarus,
1287 5360 1347 5397 rum
1360 5344 1440 5397 dicit:
1455 5362 1464 5394 ι
1482 5343 1702 5398 vestesautnent

64 5432 94 5476 et
107 5420 135 5476 iu
148 5421 374 5489 consequentibus
385 5418 480 5473 latetur
492 5420 548 5488 ipse
564 5417 733 5479 bernardus:
746 5419 857 5472 indicat·
908 5417 941 5470 ud
955 5417 1022 5471 vesti
1035 5423 1113 5469 tenta
1132 5414 1177 5467 illa
1198 5429 1256 5480 spru
1272 5414 1372 5469 dretteut
1395 5417 1420 5469 in
1447 5429 1555 5483 operam
1580 5411 1699 5476 trabere,

61 5505 120 5577 que
133 5488 207 5545 bauti
227 5492 341 5546 obscure
354 5499 463 5546 sanctus
483 5489 513 5544 P.
536 5487 698 5545 Benedictus
713 5501 772 5543 cum
795 5488 858 5542 sub·
909 5486 1016 5555 quando
1036 5493 1179 5550 operantur
1193 5483 1290 5546 alirprrid
1306 5484 1377 5553 qum
1400 5484 1473 5538 risa
1495 5486 1582 5554 priore
1609 5481 1701 5552 inpur-

53 5561 145 5633 jreit:
908 5567 980 5611 etum
994 5556 1086 5614 luerit:
1101 5574 1109 5607 r
1125 5569 1184 5608 tram
1196 5556 1224 5609 S.
1239 5554 1398 5612 iletredietus
1412 5557 1454 5609 bic
1468 5555 1584 5626 loquitur
1594 5556 1628 5609 de
1643 5554 1703 5626 «prri-

99 5628 339 5702 intercurrentis]
365 5648 375 5683 ι
401 5629 529 5687 llidelicet
545 5630 655 5688 utilibus
678 5629 711 5687 ad
736 5626 858 5684 laboran·
910 5626 1023 5685 buslibet
1038 5628 1166 5682 restituis.
