3794 6120
144 238 192 295 arii
835 242 863 299 S.
883 244 912 299 i.
934 242 1111 300 statuisti

147 380 155 416 ι
172 365 368 420 lieiectorarius
388 362 466 419 habet
489 363 539 419 suh
557 379 587 418 se
609 372 665 419 tres
686 365 752 419 alios
774 362 871 419 iratres
874 402 927 418 .....
945 362 1146 424 Aeadteirrcrit
1160 365 1332 434 adimpletam
1358 363 1508 427 servitium,
1523 359 1689 429 consignatis
1714 374 1773 414 orn·

984 435 1061 489 nihas
1073 451 1087 488 a
1099 435 1237 492 cellerario
1246 436 1412 499 utensilibus,
1419 435 1469 490 sihi
1477 433 1527 488 alia
1539 434 1565 486 in
1576 430 1772 487 exercituum

981 505 1080 561 decada
1094 509 1231 562 succedat.
1247 507 1303 574 Qua
1323 506 1440 574 expleta,
1465 505 1608 560 succedant
1630 501 1770 571 sigillatim

982 591 1030 698 (er
1043 578 1161 648 singalas
1175 578 1346 646 septimanas.
1373 595 1384 630 r
1409 577 1437 632 ln
1458 575 1558 645 Regula
1580 574 1610 628 S.
1625 571 1722 629 Donati
1734 574 1769 627 ad

143 438 213 490 lecto
226 435 315 489 missa
329 433 437 503 majoris
449 434 598 505 evangelio,
621 442 764 503 apportant
786 435 888 497 vinam,
902 445 930 490 ιιι

145 504 928 577 perlastitiaspartiantur.leramquidqrridapportaverint,

45 622 48 629 .
144 577 270 649 ‹qardqaid
280 577 331 633 tale
338 576 460 641 iecerint,
470 577 816 646 sempertamenidcarent,
828 586 857 631 ut
872 581 931 631 nai·

146 651 186 702 ias
199 647 313 703 lamulas
325 662 373 716 pro
385 646 491 701 illorum
507 647 663 704 invitatione
673 647 929 702 inreieernriooom-

144 729 260 784 pareant
272 718 370 772 Eadem
380 717 480 772 hahent
491 718 771 774 immurmurantium
784 720 812 772 S.
820 718 929 785 anagni

144 791 378 858 liirioaeasiscap.
393 787 437 842 ii.
449 790 476 843 in
494 787 719 855 Regrriaetianrs.
735 789 825 844 isidori
837 790 930 844 decer·

995 645 1001 659 i

1006 649 1103 716 irgiaes
1115 646 1190 719 (dnn.
1204 650 1249 719 67)
1264 665 1271 702 :
1290 667 1299 699 r
1318 649 1431 704 Sorores
1444 647 1495 702 sitii
1512 647 1625 700 invicem
1647 647 1768 697 remissi

981 718 1090 775 inomni
1117 719 1266 774 ministerio
1288 719 1431 787 corporali,
1447 729 1501 772 tam
1526 717 1552 771 in
1581 714 1712 784 coquina,
1726 718 1767 769 rel

980 789 1107 860 quidquid
1127 791 1295 859 quotidianas
1307 789 1426 860 exegerit
1437 802 1510 852 usus,
1525 787 1628 842 vicibus
1642 786 1706 847 stoi,
1718 800 1766 841 ex·

980 870 1058 931 cepta
1072 871 1156 915 matre
1169 877 1216 916 seu
1237 862 1397 929 praeposita,
1422 859 1566 915 succedere
1582 856 1694 914 dehent.
1709 872 1722 911 r
1735 854 1765 911 ltr

980 931 1079 1000 Requla
1095 929 1174 1056 (841
1189 933 1279 988 Sancti
1295 930 1413 987 Ferreoli
1431 948 1437 984 :
1456 947 1466 981 t
1483 929 1662 999 Temporibus
1671 926 1765 1008 dispo·

979 1004 1037 1057 sitis
1053 1002 1101 1055 aci
1123 1018 1206 1070 usqae
1218 1003 1350 1066 discretis,
1373 1003 1407 1058 de
1435 1001 1554 1057 ciborum
1569 1007 1765 1068 preparatione

980 1073 1087 1128 solliciti
1099 1076 1216 1128 serviant
1227 1075 1276 1128 sihi
1290 1074 1402 1128 invicem
1414 1088 1422 1138 ;
1448 1081 1528 1142 atque
1540 1071 1701 1125 alterutrum
1715 1070 1764 1124 sah

144 861 225 922 nitar,
240 868 287 913 atr
307 872 489 929 temporeque
503 860 656 915 reiectionis
667 860 785 915 debitara
797 859 908 915 solvitur
920 902 928 925 ,

142 930 930 990 claustramonasteriiohseremrrr,aecuilasextranerrsia·

143 1009 244 1057 terese
252 1013 393 1069 praesumat
403 1016 451 1065 ,ne
461 1012 574 1071 quorem
586 1001 729 1056 fraternam
738 1001 929 1071 praeseminaria

143 1074 296 1140 impediat.»
314 1072 403 1142 Quidi
415 1073 484 1142 qaod
497 1072 628 1142 inilegala
640 1072 668 1127 S.
682 1072 877 1128 duretiauraoa
889 1088 922 1128 so

143 1143 562 1210 lumcaqrrinteantreiectorii,
589 1143 635 1198 sed
663 1140 796 1207 meipsius
841 1144 927 1198 uidem
980 1145 1129 1214 aequalitate
1146 1144 1285 1200 ministerii
1298 1145 1505 1200 dominentur.»
1532 1140 1608 1209 Apud
1636 1140 1668 1194 S.
1692 1140 1766 1193 ossi·

143 1214 299 1269 rrronasterii
313 1229 436 1269 accessus
456 1215 520 1269 viris
533 1214 706 1268 secularibus
719 1215 786 1270 liber
800 1158 928 1284 riiinqai·
979 1215 1042 1269 iiam
1058 1214 1177 1285 (Sermr
1201 1215 1232 1269 tle
1245 1214 1331 1269 irretit.
1343 1214 1475 1283 merroch.)
1493 1231 1498 1266 :
1516 1231 1525 1264 t
1546 1211 1723 1266 iiirristeriunr
1739 1211 1764 1264 ie

145 1295 207 1339 ror:
225 1304 234 1336 r
260 1286 415 1340 Provisores
437 1300 501 1339 sero
515 1286 679 1349 monasterii,
692 1285 748 1340 siin
761 1285 852 1340 hahita
863 1284 929 1341 laico
979 1287 1113 1339 oorrrmani
1125 1295 1257 1341 conventa
1268 1288 1378 1341 alternis
1391 1285 1491 1340 ricinus
1504 1284 1568 1349 ilat,
1587 1282 1642 1336 duo
1666 1294 1763 1335 secun·

143 1355 250 1418 inerint,
267 1371 316 1410 trec
330 1357 378 1425 ipsi
390 1357 578 1423 permittantur
602 1358 723 1410 intrare:
759 1356 929 1411 rohisutili·
978 1355 1175 1410 damordinem
1202 1356 1228 1410 in
1247 1355 1573 1411 lrelrdomadaurraomae
1596 1350 1762 1406 stadiensi

144 1427 241 1482 tatihas
252 1442 318 1494 qaas
329 1427 356 1480 in
370 1427 420 1482 hac
447 1425 545 1496 lingula
562 1426 703 1480 statuimus
718 1371 793 1497 (gap.
808 1427 852 1495 liii
867 1441 927 1482 curn
978 1442 1054 1481 usam
1067 1427 1221 1495 requisitum
1235 1428 1371 1496 expleant.
1394 1446 1403 1478 r
1422 1427 1498 1496 hpad
1523 1425 1552 1480 S.
1573 1423 1763 1492 hieronymus

144 1497 340 1562 marcionibus,
364 1507 409 1551 aut
431 1498 623 1564 carpentariis,
652 1498 673 1552 si
702 1498 800 1564 aliquid
818 1512 929 1553 necesse
979 1497 1387 1564 tapratartnneadiieprnms
1412 1494 1646 1552 Pachomiiztia
1663 1492 1762 1548 lrehdo·

144 1569 211 1631 iieri,
227 1579 272 1622 aut
283 1568 411 1636 reparari,
424 1577 550 1622 arrtecrta
566 1568 654 1632 aliqua
673 1578 776 1624 ratione
789 1569 877 1623 abbati
890 1569 928 1622 la·
979 1569 1115 1621 rrradartrm
1140 1569 1288 1624 ministr-rio
1307 1569 1358 1623 sihi
1381 1567 1526 1624 sur-cedant
1538 1562 1732 1636 perordinem.
1749 1583 1768 1615 r·

143 1638 247 1703 cienda,
261 1640 402 1694 introeant.
429 1638 467 1694 De
486 1652 584 1692 caetero
600 1638 698 1692 nullam
724 1640 857 1694 licentiam
883 1649 928 1693 aut
979 1639 1054 1706 dpad
1075 1641 1232 1694 Cassianam
1256 1639 1325 1709 (tii.
1351 1654 1386 1701 rr,
1413 1655 1435 1692 e.
1450 1637 1515 1708 iil:
1542 1655 1551 1687 r
1572 1635 1624 1691 Per
1639 1643 1761 1691 coactata

143 1711 292 1764 lihcrtatem
308 1711 423 1764 haheaat
437 1709 598 1765 introeundi.
616 1729 625 1761 r
639 1710 714 1776 Quod
726 1709 754 1764 S.
770 1710 927 1765 Aurelianus
980 1725 1092 1776 namque
1107 1709 1341 1780 Mesopotamiam,
1359 1710 1545 1774 Palaestinam,
1571 1717 1599 1762 et
1621 1705 1760 1773 cipprun

142 1790 179 1834 art
189 1782 210 1834 ri
224 1783 249 1835 ιἰι
265 1781 351 1835 lroiita
366 1781 432 1835 luico
441 1780 544 1850 inerint,
558 1782 584 1834 in
596 1781 753 1835 mennonium
764 1792 928 1836 revocatao-
943 1753 966 1813 Β
980 1782 1059 1844 ciam,
1071 1795 1103 1835 ac
1117 1791 1199 1836 totam
1212 1781 1358 1848 Orientem,
1372 1779 1483 1847 nilopolis
1503 1775 1717 1833 hebdomadibus
1726 1775 1760 1829 ri·

143 1852 242 1918 tiquam
258 1855 412 1907 monasterti
424 1855 452 1906 S·
467 1849 536 1905 Galli
547 1852 766 1906 consuetudinem
792 1866 843 1921 qua
854 1851 929 1906 laicis
980 1852 1069 1905 cissim
1084 1850 1180 1906 iratres
1193 1853 1225 1907 ad
1240 1853 1298 1906 haec
1305 1851 1391 1907 cilicia
1402 1851 1453 1906 sihi
1461 1849 1592 1906 reddenda
1603 1846 1769 1907 succedant,

980 1923 1016 1976 ita
1031 1931 1059 1977 at
1070 1924 1216 1978 secundam
1228 1923 1342 1979 coerrohii
1358 1922 1553 1977 multitudinem
1574 1918 1757 1972 ministrorum

979 2008 1084 2064 qaoque
1100 2008 1225 2049 numerus
1238 1997 1388 2064 deputetur.
1400 2012 1409 2044 r
1425 1993 1541 2060 lienique
1552 1989 1579 2045 in
1594 1989 1655 2043 Vita
1668 1986 1697 2042 S'.
1709 1985 1759 2069 iia·

980 2065 1047 2118 riaai
1062 2064 1135 2119 adS.
1161 2064 1321 2119 Germanum
1348 2064 1605 2118 autissiodorensem
1625 2057 1757 2123 monaehi,

979 2137 1077 2190 saeculo
1092 2151 1118 2201 v,
1129 2135 1161 2189 ad
1176 2151 1253 2205 quem
1268 2135 1392 2191 olinitius
1411 2135 1474 2191 irem
1490 2135 1640 2188 nronaclros
1661 2128 1759 2209 dixisse

979 2204 1062 2260 iertur
1082 2224 1088 2258 ι
1109 2225 1118 2258 ι
1140 2208 1206 2262 Sors
1224 2221 1281 2260 mea
1293 2215 1334 2260 cst
1348 2207 1381 2261 ad
1406 2221 1449 2260 me
1461 2219 1524 2258 asam
1541 2201 1668 2258 iratribus
1683 2202 1758 2254 inint-

142 1924 222 1976 etiam
235 1923 427 1991 potentissimis
445 1922 514 1977 haud
536 1924 575 1977 ias
595 1934 652 1977 erat
667 1922 808 1978 dominicis
835 1923 928 1977 diebus

143 1995 341 2059 processionem
355 1996 381 2047 in
392 1995 507 2048 claustro
514 1993 600 2060 sequi,
615 1992 665 2047 nisi
677 1993 768 2047 hahita
781 1995 928 2049 monastico

143 2065 261 2129 ittdutis,
288 2075 314 2119 ot
342 2074 455 2119 testatur
476 2062 649 2118 Eihehardas
673 2062 755 2136 440
776 2065 865 2132 iunior
887 2063 928 2119 his

144 2135 251 2190 verbis:
269 2153 280 2188 t
297 2135 418 2201 ilidieqo
439 2142 501 2190 ante
513 2144 631 2202 terrrpora
644 2151 702 2202 qaae
726 2150 740 2188 a
760 2136 844 2190 Gallis
860 2136 928 2202 pati·

142 2222 216 2272 mur,
230 2209 422 2262 monachorum
432 2207 583 2261 schismatis
596 2246 604 2271 ,
620 2205 732 2260 comites
744 2207 865 2275 aliosque
878 2222 925 2275 po·

142 2276 290 2332 tenteslnci
306 2278 413 2345 milites,
430 2276 625 2347 prodileetione
637 2276 810 2332 urrisun-aus
821 2292 926 2332 cracem
979 2287 1066 2331 strare
1079 2287 1106 2331 et
1121 2277 1273 2332 alimoniam
1287 2292 1389 2339 parare.
1406 2296 1415 2328 r
1433 2276 1503 2345 Soli,
1525 2283 1570 2327 aar
1592 2274 1691 2326 saltem
1706 2270 1758 2325 lere

143 2348 282 2403 nohiseum
305 2363 352 2414 per
366 2346 795 2415 claustramsequendrr31‘ateaes
810 2357 837 2403 et
849 2362 928 2403 serres
978 2347 1026 2400 soli
1039 2346 1155 2419 AEgyprii
1171 2348 1292 2402 mortarhi
1304 2349 1465 2402 contrariam
1481 2347 1596 2400 inierant
1615 2350 1758 2425 consum·

141 2420 270 2486 quosdam
291 2418 324 2473 ad
339 2420 473 2488 cingulum
488 2418 614 2473 barbatos
637 2420 800 2473 monachicis
819 2419 927 2474 indutos
978 2418 1067 2472 dinem
1083 2436 1089 2471 :
1106 2436 1116 2470 r
1133 2420 1211 2486 apud
1225 2418 1365 2489 AEqyptios
1376 2419 1458 2484 enim,
1472 2426 1501 2471 ut
1510 2416 1602 2471 scribit
1617 2414 1759 2468 Cassianus

141 2490 226 2543 roccis
242 2491 380 2545 irnhiscum
393 2505 499 2560 quaque
512 2488 609 2544 ivimus
623 2490 735 2558 ingredi,
752 2508 761 2540 r
780 2490 817 2543 De
828 2499 926 2545 caetero
977 2488 1048 2559 (tte.
1061 2504 1098 2553 ιι,
1112 2506 1135 2542 r.
1150 2490 1208 2559 ei),
1221 2491 1316 2559 quihus
1328 2492 1446 2544 maxima
1460 2502 1522 2542 cara
1536 2495 1578 2542 est
1591 2485 1692 2552 otieris,
1706 2498 1756 2538 arra

140 2571 229 2614 autem
242 2561 386 2616 claustrum
404 2581 414 2614 ι
428 2562 463 2617 ah
473 2561 579 2631 atrtiqua
591 2571 693 2629 patrum
706 2561 833 2615 arenrnria
847 2568 926 2614 tantm
977 2569 1019 2614 est
1031 2559 1258 2615 hebdomadarum
1273 2571 1362 2615 nrutaa
1373 2559 1539 2623 vicissitudo,
1563 2573 1595 2611 ne
1616 2555 1667 2609 suh
1680 2568 1757 2609 occa·

141 2632 305 2685 venerationi
317 2640 358 2687 est
374 2632 502 2699 habitum,
516 2646 543 2685 ut
558 2629 656 2685 nearini
668 2632 707 2684 sel
722 2632 925 2699 potentissima·
977 2632 1053 2685 sione
1065 2631 1142 2699 hujus
1156 2630 1239 2685 oldcii
1254 2646 1347 2686 ornnes
1358 2631 1391 2685 ah
1403 2632 1492 2699 operis
1505 2642 1609 2683 canone
1618 2624 1756 2696 impedias·

140 2715 199 2754 ram
215 2703 305 2757 saccali
320 2703 508 2758 canonicorum
528 2716 575 2756 seu
591 2702 717 2757 laicorum
738 2703 873 2764 introitus,
885 2700 925 2755 rel
978 2712 1037 2766 tur;
1049 2701 1095 2756 scd
1112 2703 1156 2757 arri
1181 2702 1369 2770 probatissimo
1396 2701 1506 2757 iratrum
1533 2698 1639 2755 cellarii
1652 2698 1756 2777 ,velco-

141 2773 220 2824 ctiam
237 2773 415 2842 introspectus
436 2776 475 2827 eis
496 2773 609 2826 licuerit.
631 2791 640 2824 r
663 2772 737 2826 ilaue
759 2773 925 2841 disciplinam
977 2772 1065 2842 quiam
1079 2788 1143 2827 cura
1156 2773 1346 2840 committitur,
1370 2773 1414 2843 qai
1429 2779 1557 2842 perpetuo
1577 2771 1665 2826 donee
1691 2780 1756 2823 ittet

141 2843 197 2895 suis
210 2843 235 2894 ia
259 2845 390 2898 rmnohiis
409 2844 488 2899 etiam
516 2843 667 2897 instituerat
690 2845 719 2895 S.
746 2843 927 2897 Cularnhanus
977 2843 1020 2897 sel
1036 2853 1101 2897 aetas
1114 2844 1249 2908 admittit,
1272 2844 1373 2915 jugiter
1385 2859 1452 2913 opas
1471 2842 1535 2897 iliad
1551 2846 1686 2896 exerceat.
1701 2838 1755 2892 »Et

139 2913 236 2976 ahhas;
251 2914 322 2969 ande
345 2916 414 2970 intur
437 2916 487 2968 alia
511 2912 688 2968 accasatioais
711 2913 815 2980 capita,
830 2914 926 2984 qaihtrs
977 2921 1065 2967 tamma
1089 2914 1117 2970 S.
1141 2914 1318 2987 Hieronymus
1338 2917 1372 2970 de
1404 2913 1535 2985 AEgyptiis
1558 2908 1697 2966 monachis
1720 2908 1756 2963 io·

140 2983 301 3050 rprrerehatar
329 2987 362 3039 de
383 2994 477 3041 sancta
497 2985 553 3037 vira
570 2984 752 3038 Theudoricus
780 2999 838 3050 res,
857 2984 923 3039 iilud
976 2999 1108 3053 queas:r
1134 2987 1304 3055 Unaquaeque
1322 2986 1449 3050 decuria,
1471 2985 1556 3052 inquit
1582 2977 1755 3053 (aptarat),

139 3062 198 3106 erat
218 3054 273 3125 (ia
298 3055 358 3110 i'ito
373 3057 403 3112 S.
419 3054 535 3110 Ceionii.
553 3071 580 3108 rr.
604 3055 653 3121 ta,
675 3070 734 3109 scr.
750 3070 768 3109 ιι
780 3052 876 3109 Bened.
892 3056 900 3125 l
917 3073 924 3109 ι
976 3070 1037 3109 cum
1051 3069 1100 3108 srro
1115 3065 1224 3122 parente
1245 3056 1330 3124 pergit
1344 3056 1378 3112 ad
1397 3069 1515 3119 mensas,
1530 3053 1627 3124 q'aihus
1642 3066 1689 3122 per
1707 3049 1756 3105 siu·

142 3142 152 3176 t
183 3123 237 3179 Car
260 3127 330 3181 intra
354 3136 429 3192 septa
449 3127 592 3183 secretiora
612 3126 736 3179 omnihus
761 3125 920 3182 Christianis
935 3133 957 3196 (ζ
973 3134 1048 3196 gaius
1060 3126 1241 3182 hebdomadas
1250 3128 1364 3182 vicissim
1377 3127 1537 3182 ministrant.
1558 3143 1567 3176 r
1583 3124 1638 3180 Sed
1652 3123 1682 3180 S.
1699 3120 1757 3203 iiie·

138 3195 225 3250 aditus
236 3213 289 3251 oon
306 3208 417 3265 pateret.
436 3199 499 3253 »hd
513 3197 583 3266 qaod
610 3196 640 3252 S.
663 3196 745 3251 ahbas
761 3198 919 3263 respondit:
973 3212 1114 3266 rorrymam
1142 3199 1176 3252 de
1190 3199 1249 3251 solo
1262 3213 1363 3253 mensae
1382 3197 1502 3263 servitio,
1521 3211 1574 3250 noa
1593 3194 1758 3264 decoqu-

142 3285 151 3316 ι
168 3269 203 3322 Sc
215 3269 434 3325 consuetudinem
450 3285 501 3323 non
524 3269 631 3331 hahere,
644 3278 672 3321 ut
684 3267 858 3322 saecularibus
871 3268 921 3321 lra-
972 3267 1062 3322 oidcio
1073 3267 1140 3323 iorte
1156 3269 1328 3323 intellexeris.

138 3339 254 3393 mirrihos
265 3352 290 3393 et
303 3357 317 3393 a
334 3342 461 3409 religione
473 3341 567 3394 alienis
581 3338 741 3393 laarulorum
758 3340 804 3393 liei
815 3337 919 3394 hahita-
1011 3337 1044 3393 tit
1057 3339 1143 3393 aulius
1155 3350 1287 3392 excusetur
1301 3356 1318 3392 a
1334 3333 1565 3409 commenticia]
1580 3333 1657 3404 Quod
1672 3332 1758 3391 omni·

138 3409 219 3462 tionis
232 3411 486 3476 pandatiatroitam,
507 3411 554 3465 scd
570 3422 718 3478 opportuna
738 3420 851 3478 aptaque
865 3411 921 3465 loca
973 3408 1022 3463 bas
1051 3409 1176 3464 irntritrus
1191 3411 1220 3465 S.
1238 3411 1317 3465 Pater
1342 3411 1453 3479 imponit
1480 3407 1602 3476 coquinae
1628 3405 1755 3473 ιῐιίιίιιι,Ι

136 3479 230 3534 adhoc
241 3481 340 3538 hahere
352 3493 452 3548 parata,
463 3481 922 3554 qtroamaiamtrospitunradveatas
972 3480 1038 3534 itrad
1054 3479 1099 3534 arri
1126 3481 1176 3534 soli
1191 3481 1393 3535 committebant
1410 3479 1528 3551 AEqyptii
1554 3476 1702 3542 monachi,
1729 3482 1755 3531 st

137 3551 303 3620 rrrseipittur.
325 3553 477 3608 »Eorundem
500 3552 692 3607 iri-titutionem
713 3552 792 3606 etiam
808 3550 835 3604 in
859 3551 924 3607 iar·
974 3550 1336 3606 madodorenaruassranas.
1349 3546 1755 3619 Soliseriamjaniorihnsinlan-

136 3622 204 3676 lensi
216 3628 379 3680 monasterio
395 3624 509 3695 riguisse
523 3622 719 3693 co.l=qitrrusex
734 3621 791 3676 Vita
816 3621 845 3676 S.
861 3622 922 3677 Pai-
973 3620 1011 3692 git
1024 3621 1124 3692 Regula
1137 3620 1186 3677 SS.
1202 3622 1276 3677 Pauli
1288 3631 1314 3676 et
1336 3619 1475 3688 Stephani,
1497 3620 1573 3688 cujus
1597 3621 1656 3674 haec
1678 3617 1754 3672 veriti

137 3693 214 3747 donis
229 3709 255 3748 rr.
268 3695 293 3760 l,
308 3694 477 3751 uhi'lhomas
490 3693 625 3748 foriensis
647 3693 730 3747 atthas
745 3691 846 3747 nobiles
854 3693 922 3772 pdo—
974 3691 1049 3762 (an.
1066 3694 1126 3761 ddi:
1144 3693 1191 3746 rlu
1211 3693 1336 3748 omnihus
1349 3692 1496 3762 ohsequiis,
1510 3701 1537 3745 et
1550 3689 1716 3757 ministeriis,
1731 3689 1754 3744 ir

135 3763 277 3831 lescerrtes,
303 3768 486 3822 conversionis
513 3763 714 3837 grattaGallias
739 3772 871 3833 petentes,
888 3768 921 3817 nt
973 3767 1069 3832 quihus
1098 3764 1193 3818 iratres
1216 3763 1340 3833 iuniores
1368 3763 1418 3819 sihi
1446 3762 1565 3817 vicissim
1594 3759 1753 3825 succedunt,

136 3849 213 3890 snum
235 3836 331 3905 legitur
356 3839 484 3894 invitasse
507 3840 718 3901 martas-eriam,
747 3835 786 3889 sic
800 3849 846 3889 eos
858 3837 921 3888 alto·
974 3835 1157 3904 unusquisque
1171 3835 1238 3889 lrorra
1249 3834 1383 3889 voluntate
1396 3842 1547 3902 susceptam
1562 3830 1752 3885 hebdomadam

136 3920 242 3972 spirens:
260 3925 269 3958 ι
288 3908 328 3963 tid
339 3909 530 3963 monasterium
553 3908 594 3961 etri
620 3907 744 3961 deservio
759 3904 922 3960 revertimini
974 3904 1041 3957 sicis
1060 3920 1116 3959 suae
1140 3905 1167 3960 in
1190 3904 1309 3974 quolibet
1334 3904 1482 3959 ministerio
1506 3902 1630 3957 hilariter
1657 3902 1753 3970 rosum

135 3990 251 4038 raecum,
265 3986 292 4032 ct
306 3989 414 4048 propter
426 3979 549 4034 ardorem
562 3976 643 4033 notri
662 3976 806 4039 desiderii,
834 3991 923 4045 quora-
975 3975 1186 4030 murnraratioae
1208 3991 1268 4032 cam
1283 3977 1368 4045 gratia
1381 3975 1426 4030 liei
1439 3976 1578 4043 implesti
1595 3972 1716 4027 Similem
1730 3972 1752 4025 ir

134 4061 212 4110 quem
226 4048 769 4103 entrausrrrnmanosteriiiatriasecusros
782 4046 920 4114 recipiam,
975 4061 1024 4099 sao
1038 4047 1209 4109 monasterio,
1235 4046 1281 4100 sed
1298 4058 1391 4102 contra
1418 4045 1545 4117 Regulam
1572 4043 1601 4100 S.
1623 4040 1752 4097 Benedicti

136 4117 922 4180 utsirnulcumiratrihusedatis,sirrraldormistis,simui
974 4118 1192 4171 consuetudinem
1223 4118 1374 4172 instituerat
1403 4116 1436 4171 t.
1468 4114 1650 4176 Tarlretutos,
1678 4112 1752 4169 althei

134 4189 248 4244 orationi
263 4190 364 4245 vacetis
385 4192 519 4261 sitrtalque
531 4190 565 4244 ad
581 4204 649 4259 opas
669 4204 795 4243 raanuum
810 4189 922 4256 exeatis,
974 4186 1506 4257 croylandensis:hicerrimtesteingulio
1522 4185 1567 4256 (lo
1581 4184 1649 4240 ilirt.
1659 4175 1753 4255 eropi.)

135 4258 357 4315 athiseiercitiis
373 4263 487 4331 probati,
500 4262 591 4316 sciatis
603 4260 699 4326 qruhas
719 4259 805 4314 modis
825 4273 923 4331 propo·
977 4257 1119 4319 «dividens
1135 4269 1218 4312 totam
1233 4269 1392 4313 conventam
1408 4259 1434 4311 ia
1451 4267 1505 4312 tres
1523 4257 1636 4326 prodas,
1656 4265 1687 4310 at
1699 4254 1753 4325 qui·

133 4332 214 4384 situm
227 4332 349 4387 nroaachi
363 4334 511 4397 adimplere
523 4331 646 4387 valeatis.
664 4349 674 4381 r
690 4331 742 4385 Sed
756 4338 877 4385 revertor
888 4331 921 4385 ad
975 4329 1040 4383 lihet
1067 4329 1164 4398 gradus
1179 4345 1256 4383 soum
1281 4338 1380 4384 statam
1408 4336 1574 4399 agnosceret,
1595 4336 1624 4382 et
1647 4336 1752 4388 terreret,

136 4402 311 4467 propositam.
331 4406 406 4470 qaod
420 4404 444 4458 si
458 4404 585 4458 laicorum
608 4406 746 4456 hommum
774 4402 922 4457 ministerio
975 4399 1067 4454 statuit
1082 4399 1216 4461 videlicet,
1232 4400 1302 4468 quod
1326 4401 1449 4468 juniores
1469 4401 1503 4454 alr
1528 4399 1651 4467 ingres-a
1667 4411 1752 4453 mona

134 4473 171 4525 rrti
186 4473 216 4527 in
228 4475 392 4529 monasterio
401 4476 469 4528 haud
483 4475 559 4530 decet
570 4472 726 4539 monachos,
739 4472 920 4527 multominus
935 4510 961 4569 D
974 4472 1048 4525 sterii
1061 4472 1187 4541 usquead
1201 4486 1299 4525 narrum
1310 4471 1469 4540 vigesimam
1480 4480 1604 4539 quartam
1615 4469 1642 4523 ia
1652 4468 1752 4549 ordine,

133 4544 293 4599 elericorum
319 4556 365 4599 aut
391 4546 504 4600 aliorum
533 4545 731 4613 religiosorum,
748 4544 774 4599 id
789 4544 859 4613 qaod
874 4559 922 4598 ex·
975 4541 1089 4596 subeant
1109 4542 1197 4597 omnia
1222 4555 1302 4608 opera
1326 4540 1414 4604 chori,
1428 4539 1548 4608 claustri,
1566 4547 1595 4595 et
1614 4538 1752 4601 reiectorit,

132 4612 224 4684 presse
234 4626 306 4670 vetat
316 4616 474 4672 Benedictus
490 4630 557 4686 papa
570 4615 617 4671 xit
630 4617 655 4670 in
667 4629 714 4669 sua
726 4629 774 4683 pro
785 4616 921 4670 monachis
976 4613 1107 4676 cauendo,
1133 4612 1256 4682 legendo,
1285 4615 1438 4678 serviendo,
1463 4621 1491 4665 et
1515 4625 1611 4665 omnes
1625 4611 1752 4681 regulare

133 4685 312 4742 Benedictinis
322 4687 518 4743 Constitutione
527 4689 567 4741 tris
578 4686 666 4742 serbis
677 4684 754 4757 (Cap.
766 4684 825 4752 liii:
839 4685 920 4740 ‹Cte-
973 4683 1159 4738 observantias
1172 4683 1318 4739 secundnm
1333 4682 1452 4751 magistri
1473 4685 1513 4738 sai
1537 4680 1688 4736 doctrinam
1713 4696 1752 4736 cn·

132 4766 220 4811 terum
237 4767 267 4812 ut
279 4758 348 4814 riam
364 4759 498 4814 scandalis
512 4759 718 4826 praecludamus,
747 4757 920 4825 prohibemus
973 4754 1124 4819 stodicndo,
1138 4766 1190 4809 etc.
1207 4775 1216 4807 r
1236 4756 1320 4820 Quam
1338 4757 1421 4821 leuem
1433 4762 1524 4823 postea
1544 4754 1687 4808 renovarit
1703 4751 1752 4821 ipsi

130 4842 302 4895 expressere
315 4832 341 4883 in
354 4830 484 4893 ecclesiis,
501 4830 543 4884 sel
565 4829 746 4890 monasteriis,
768 4843 816 4882 seu
840 4828 917 4890 iocis,
973 4823 1098 4896 ingalius,
1112 4826 1233 4896 ejusdem
1248 4826 1404 4881 monasterii
1419 4824 1504 4879 iactus
1518 4824 1614 4878 abbas.

129 4897 194 4978 aliis.
215 4901 435 4979 errareatualihas
454 4900 574 4967 ejusdem
589 4900 690 4956 ordinis
707 4913 755 4953 serr
770 4897 916 4980 reiigione,
1007 4917 1068 4972 Nm
1097 4928 1140 4972 w,
1159 4918 1319 4991 umqum-„3³
1337 4918 1417 4971 amp„
1436 4932 1514 4970 „m
1532 4915 1618 4989 W„
1640 4913 1750 4969 „pm

130 4968 387 5052 ⁰¹⁰⁰⁰¹330⁰¹²¹⁰⁵3
404 4972 538 5053 Y⁰¹i²i⁰ir
553 4984 606 5054 ,⁸⁰¹¹
626 4970 736 5052 ”iiiiii
761 4978 916 5052 ¹¹¹⁰¹¹³,⁸‘⁸f¹¹
977 4990 1033 5057 quir
1046 5001 1185 5061 occupetur
1197 4986 1297 5059 inerit]
1308 4989 1384 5055 Quod
1395 4989 1470 5058 quasi
1481 4985 1644 5056 getreraliter
1653 4987 1750 5041 dixerit

132 5040 269 5122 ''miili-ib
284 5041 326 5121 le!
339 5042 456 5122 (ellidii
482 5043 594 5096 alterrus
605 5042 741 5110 felli¹⁰¹¹¹³
765 5041 798 5093 id
819 5051 919 5095 l¹⁰¹¹¹¹¹¹
974 5059 1029 5127 jara
1044 5062 1122 5115 solita
1134 5061 1163 5116 S.
1179 5061 1257 5115 Pater
1271 5060 1434 5115 discretione
1458 5067 1600 5127 temperat,
1612 5072 1627 5110 a
1638 5057 1749 5127 coquina

131 5113 272 5165 inonaclris
292 5113 496 5166 mrrrrstrandam
508 5113 652 5167 decaetero
666 5113 836 5179 deputentur.
853 5128 862 5160 r
976 5130 1066 5185 offici„
1079 5141 1204 5200 (ramos,
1220 5142 1248 5186 e,
1260 5131 1427 5200 gravioribus
1438 5129 1600 5192 „filiaabus
1613 5136 1748 5193 mmm

167 5202 453 5274 Ergoqaiarnetaieis
469 5205 590 5260 licetaec
615 5203 732 5268 clericis,
755 5202 852 5257 iratres
867 5201 918 5257 sihi
975 5202 1106 5258 eximens.
1125 5203 1157 5258 ur
1175 5213 1249 5258 certe
1268 5201 1441 5256 inhumanam
1455 5198 1536 5271 442
1550 5197 1621 5252 iuret
1639 5199 1748 5253 irritrutt

128 5278 244 5329 laricem
273 5272 410 5328 sarriana:
427 5275 540 5329 inuicem
555 5276 635 5338 dico,
660 5274 685 5326 id
710 5283 752 5327 est
779 5289 827 5343 per
847 5273 920 5327 tices
976 5272 1037 5326 haic
1052 5272 1141 5328 alticio
1161 5274 1301 5340 deputare.
1324 5273 1376 5328 Sed
1391 5280 1492 5341 qumret
1516 5271 1615 5338 aliquis
1634 5280 1746 5339 qttaenatr

129 5346 241 5414 siugulis
268 5345 318 5399 sihi
333 5345 507 5400 hebdomariis
519 5346 707 5409 succedendo,
736 5353 764 5397 rrt
779 5358 917 5399 exconse-
975 5342 1011 5395 sit
1030 5345 1177 5413 meritoque
1198 5344 1250 5399 dici
1278 5345 1373 5399 debeat
1399 5356 1479 5396 causa
1506 5355 1596 5409 prame
1616 5332 1746 5395 utilitatis!

129 5418 273 5485 qaemihus
285 5424 366 5484 putem
377 5415 655 5486 corrrmaaisqueapad
666 5430 760 5469 omnes
773 5417 919 5469 arnnaciros
973 5413 1127 5481 llespoodet
1143 5415 1310 5470 hildemarus
1328 5430 1387 5468 eam
1402 5427 1473 5477 esse,
1487 5427 1566 5480 qnam
1578 5420 1745 5482 agnosceret

130 5500 195 5540 usas
206 5488 303 5555 passim
318 5487 535 5544 ulrtmrtit.Sicati
553 5489 644 5540 videre
657 5497 699 5540 est
715 5486 741 5539 in
754 5485 853 5553 arguta
865 5486 920 5540 lia-
972 5483 1078 5551 iratres,
1094 5487 1203 5541 dimissa
1218 5487 1372 5550 concordia,
1389 5485 1457 5538 haud
1471 5491 1659 5548 murmuratrt;
1684 5474 1744 5551 quoi

127 5560 204 5626 gistri
219 5557 293 5630 (Gap.
311 5558 381 5628 lii):
398 5577 407 5609 r
427 5559 555 5624 Superius
580 5557 699 5611 dirimas
725 5557 852 5610 decadam
868 5558 921 5610 ira·
973 5568 1151 5625 propteream
1169 5557 1228 5611 talis
1251 5556 1333 5611 irater
1361 5566 1502 5610 excusetur
1514 5568 1530 5607 a
1542 5556 1657 5621 coquina
1670 5569 1677 5607 :
1689 5564 1743 5623 qua·

130 5639 199 5679 rrum
220 5628 270 5680 suh
284 5643 332 5682 saa
348 5644 411 5682 cara
427 5629 495 5683 daos
514 5629 671 5698 praepositos
691 5626 852 5681 continere:
874 5627 920 5698 qai
974 5637 1083 5696 propter
1099 5628 1177 5683 rhaec
1200 5629 1298 5684 utilitas
1325 5627 1434 5699 grandis
1455 5627 1512 5680 site
1526 5639 1623 5694 magna
1638 5639 1673 5679 ex
1691 5624 1743 5678 liei·

129 5697 222 5751 decem
238 5696 334 5752 iratres
349 5701 376 5753 in
400 5704 523 5771 coquinas
537 5699 648 5754 servitio
662 5697 764 5752 vicibus
776 5696 922 5753 combinati
975 5702 1059 5753 nardo
1079 5700 1232 5755 cassinensi
1254 5699 1335 5755 dehet
1354 5713 1414 5755 esse
1437 5695 1527 5752 ahlrati
1552 5694 1745 5757 manilesta,tt

130 5776 254 5838 septenos
266 5768 391 5828 excierat
404 5771 588 5830 arcadicum
600 5769 773 5828 ricilrusistis
786 5769 924 5828 uniusde·
976 5767 1102 5828 iratribus
1117 5785 1171 5828 non
1186 5772 1330 5842 incognita.
1345 5785 1379 5827 ne
1392 5769 1459 5828 lorte
1472 5765 1557 5839 possit
1567 5781 1629 5826 esse
1640 5762 1746 5839 durio
