3794 6120
133 268 183 326 lli
650 267 785 324 Rodios
807 269 1048 323 rtttttttzi'rt'it.
1070 270 1143 325 ιιι.
1168 272 1220 326 ιι.
1694 280 1747 338 ιιι

132 395 227 439 eorum
240 381 322 434 risum
337 380 424 435 inerit.
441 401 449 432 ι
467 379 596 435 creterra
610 381 635 434 in
646 381 918 450 iiirettonotiqnarnm
935 388 957 439 Α
973 378 1039 436 dens
1052 384 1088 435 ait
1105 400 1111 434 :
1130 402 1138 433 ι
1156 385 1240 437 (Σιιιιιι
1266 384 1343 452 itttjtts
1367 384 1478 441 instituti
1494 385 1542 442 inii
1561 388 1616 457 ipsa
1637 387 1746 461 Regula

133 450 323 508 Definitionum
339 449 398 505 or'ti.
413 451 525 505 cisterc.
539 452 595 504 itnc.
609 452 667 517 iero
678 451 757 518 (dist.
773 453 816 509 is,
830 469 853 504 c.
867 453 897 519 s)
911 470 916 504 ι
969 454 1123 516 strenuitas,
1139 455 1164 506 in
1180 469 1230 521 qna
1248 454 1296 508 itoc
1309 455 1377 508 idern
1391 457 1552 525 praecipitur,
1567 469 1593 512 et
1607 471 1641 514 no
1653 475 1745 530 sertus,

134 540 145 577 t
159 522 197 578 De
209 523 336 576 carnibus
349 521 462 577 edendis
474 537 520 574 seu
537 522 721 576 ministrandis
734 522 796 575 iilud
809 523 919 577 irreira·
969 533 996 579 ιιι
1009 524 1117 591 integris
1129 524 1230 577 ririims
1249 527 1393 579 tunnacbus
1408 541 1515 581 earnem
1536 529 1657 583 comedat
1678 546 1747 600 pro-

132 594 184 661 pab
198 593 258 646 liter
274 603 405 654 teneatur,
421 592 491 663 qnod
507 597 531 646 in
544 591 575 645 ii.
593 591 727 646 lieoedien'
744 592 843 663 iniquia
859 609 921 648 con·
968 595 1083 651 bibetur.
1101 593 1300 660 lusttpcretiatn
1320 599 1380 664 qnia
1397 596 1466 650 nttiia
1483 596 1648 656 rationabilis
1665 615 1745 656 eausa

132 667 244 719 tinetnr.
259 663 341 726 ipitttr
353 673 427 716 extra
439 662 608 716 iniirmitoria
623 671 711 715 nostra
724 677 818 716 carries
832 664 919 718 nulia·
970 665 1087 717 tornandi
1113 664 1192 732 itnjns
1214 667 1321 731 capituli
1351 666 1462 721 inveniri
1489 677 1607 735 poterat,
1633 670 1701 725 sicut
1718 673 1746 727 in

131 743 233 788 lanoso
247 733 369 796 personis
382 733 484 786 ordinis
492 735 681 797 comedantur,
694 733 769 786 nisis
784 741 920 788 transenn—
968 734 1125 804 quiintsdant
1142 734 1203 788 :tiits
1218 737 1338 802 ejusdem
1356 736 1463 805 tirqrrtae
1477 742 1539 791 oiitn
1555 744 1662 794 mutatis
1675 742 1746 811 capi·

134 805 207 860 tibus
229 818 352 863 maenum
370 818 442 858 mare
455 844 462 866 ,
476 804 592 870 qnandiu
616 802 712 857 itternn
728 804 754 855 itt
771 805 846 858 utari.
868 805 917 872 Qui
974 806 1064 859 inlisa
1081 805 1202 859 i'anibns
1217 808 1322 859 inventa
1346 817 1397 858 est.
1416 825 1424 858 ι
1443 808 1474 860 Et
1490 808 1522 860 ad
1537 808 1640 874 priores
1654 821 1746 866 custo·

131 887 225 931 contra
242 872 346 936 iecerit,
363 874 389 926 in
404 875 562 927 sententiam
578 874 863 927 excommunicationis
877 876 918 929 in·

131 946 206 1001 cidct
220 950 277 1010 ipso
294 944 373 997 iactor.
392 944 424 996 lit
439 944 461 998 si
475 944 599 998 oliteiaiis
616 943 702 1001 irretit,
719 944 753 996 ab
767 942 855 998 nibrio
869 947 916 1001 de-

132 1025 259 1087 ponatur,
272 1029 320 1068 nec
330 1015 457 1075 deinces-s
468 1015 500 1068 ad
512 1013 618 1082 aliquod
630 1013 747 1067 oiiroiom
761 1029 917 1082 promorea-

132 1097 177 1142 tnr
198 1087 256 1142 sine
277 1084 382 1138 licentia
399 1086 507 1151 capitoli
528 1085 670 1151 generalis.
690 1084 834 1138 Monachus
854 1101 917 1140 vero

132 1158 174 1211 rei
190 1170 336 1210 conuersus
360 1170 412 1207 nrm
437 1154 560 1211 oiirciaiis
587 1169 635 1219 pro
655 1155 771 1222 quaiiin·t
793 1155 850 1209 rice
871 1172 917 1222 per

132 1241 252 1281 inensem
280 1228 397 1289 privatos
424 1234 530 1278 ntaneat
557 1224 648 1279 itabittt
671 1226 793 1288 rcpttiari.
824 1227 915 1282 Eidem

135 1312 223 1367 preire
243 1296 398 1363 subjaceant
419 1313 433 1344 ιι
445 1295 565 1354 ιιιιιιιιιι,
584 1294 721 1351 cotrrersi.
744 1306 770 1347 et
789 1298 916 1364 otpclmni

134 1369 302 1430 earnnrdem,
316 1366 378 1418 iicet
392 1366 467 1418 uoltis
479 1367 504 1418 in
515 1365 603 1418 babitu
617 1365 675 1418 sint
685 1365 756 1418 ditio
765 1380 831 1420 mes.
844 1385 853 1418 ι
868 1369 917 1435 Qui

134 1438 324 1492 abstinentia-a
337 1437 462 1489 carniinrs
474 1437 711 1504 transgressionem
724 1439 793 1491 inter
804 1437 918 1494 tortores

971 879 1071 944 desque
1080 876 1120 928 sni
1136 877 1239 930 oniti-is
1251 877 1371 930 scribens
1386 877 1454 945 toto.
1467 893 1501 942 rt,
1515 879 1588 942 epist.
1608 880 1650 942 ist
1664 897 1671 934 ι
1686 900 1696 936 ι
1715 883 1747 936 Et

971 961 1020 1010 ne,
1041 946 1136 1010 inquit,
1151 947 1195 1000 tibi
1212 961 1348 1000 recurrere
1358 945 1482 1002 liceatad
1499 947 1523 1001 id
1535 949 1604 1017 quod
1619 951 1701 1016 roto,
1718 963 1748 1007 ut

970 1018 1044 1071 dicas
1058 1027 1083 1070 et
1100 1014 1150 1069 buo
1165 1017 1310 1086 capitttlttttt
1328 1018 1441 1086 (scilicet
1458 1017 1562 1085 {legulae
1577 1017 1622 1087 39)
1636 1022 1705 1076 sicul
1718 1031 1745 1076 ot

970 1086 1021 1140 alia
1036 1086 1157 1153 quaedam
1172 1102 1187 1139 a
1200 1087 1299 1141 satietis
1314 1086 1471 1156 quibusdam
1486 1086 1606 1142 Patribus
1619 1102 1690 1145 certa
1704 1105 1749 1146 ra·

971 1157 1043 1210 tione
1067 1165 1206 1211 trrutatnut.
1236 1156 1393 1223 Respondeo
1407 1160 1485 1210 aiitcr
1505 1167 1556 1213 osi.
1573 1158 1600 1214 Si
1620 1161 1690 1214 enim
1713 1163 1747 1218 do

972 1228 1077 1281 ttoritiis
1088 1226 1274 1292 stt-cipiendis,
1289 1227 1310 1280 si
1324 1228 1356 1280 de
1371 1242 1451 1293 opere
1465 1243 1600 1290 nranoutn,
1615 1232 1638 1283 si
1653 1232 1686 1285 de
1700 1246 1747 1286 ιι-

971 1299 1055 1352 stibus
1070 1308 1096 1349 et
1111 1297 1266 1362 tpdbrtsdam
1283 1298 1342 1350 aliis
1355 1296 1488 1353 similibus
1502 1310 1517 1348 a
1532 1298 1609 1352 bonis
1626 1301 1747 1358 Patribus

971 1381 1032 1437 post
1046 1381 1167 1421 sasierunt
1180 1367 1352 1421 benedictum
1367 1376 1497 1423 montom
1511 1377 1569 1430 est,
1589 1383 1641 1423 non
1654 1371 1746 1438 dubia,

970 1440 1017 1491 sed
1037 1447 1109 1492 certa
1124 1451 1150 1492 et
1167 1438 1318 1491 rationabili
1341 1452 1420 1492 causa
1435 1439 1531 1491 iactum
1545 1448 1586 1493 est
1602 1457 1609 1492 :
1623 1451 1650 1494 ιι
1663 1456 1745 1496 eausa

132 1509 225 1574 cuipas
243 1516 393 1569 recensent,
407 1505 501 1559 dubito
512 1522 545 1558 an
560 1523 606 1572 pro
617 1508 667 1559 ieri
682 1516 709 1560 et
723 1507 819 1561 vetriaii
833 1517 918 1564 trans-
971 1508 1013 1562 vei
1030 1508 1107 1568 ratio.
1124 1507 1183 1575 quia
1199 1507 1241 1562 bis
1255 1523 1268 1560 a
1285 1523 1329 1562 mo
1352 1508 1378 1562 in
1396 1508 1498 1562 duaitos
1513 1510 1633 1578 epistolis
1648 1510 1747 1566 domno

133 1580 274 1650 pressione
290 1577 378 1630 ratior
399 1577 477 1643 piccti
493 1577 601 1631 veilent.
617 1577 694 1632 Certe
709 1577 823 1632 casalini
836 1581 917 1634 absti-
970 1579 1060 1632 abbati
1074 1578 1265 1632 clarevallensi
1278 1579 1389 1632 directis
1403 1579 1523 1633 studioso
1537 1579 1670 1649 descripta
1686 1592 1747 1647 est,

137 1650 239 1704 nentis
259 1660 471 1713 transgressores
486 1656 531 1700 ant
545 1663 640 1702 carnes
656 1648 802 1713 irnspitbns
818 1649 843 1701 in
860 1666 918 1705 mo·
974 1650 1017 1703 bic
1027 1647 1125 1704 iterare
1136 1648 1295 1713 superdeum
1306 1647 1395 1717 iudico
1408 1666 1414 1702 :
1425 1650 1447 1703 si
1459 1649 1526 1702 adeo
1541 1650 1677 1706 studiosus
1696 1656 1748 1707 iue-

137 1720 258 1775 oasterio
278 1727 460 1787 apponentes,
482 1727 520 1772 tot
538 1718 632 1772 diebus
647 1716 741 1787 jubent
761 1721 786 1772 in
807 1734 874 1787 pane
892 1732 920 1776 et
971 1718 1019 1784 tis,
1036 1719 1070 1772 itti
1084 1720 1159 1779 piene
1173 1719 1300 1787 reperies.
1312 1725 1347 1773 At
1360 1720 1554 1789 buiuscapitoii
1567 1723 1748 1789 prevaricatio

133 1801 204 1858 aqna
214 1789 345 1858 jejunare,
359 1788 393 1842 ab
409 1788 607 1856 oiotionentque
620 1804 635 1841 a
651 1788 694 1842 taii
707 1799 814 1856 peccato
829 1790 918 1846 abbati
971 1804 1022 1857 qua
1032 1791 1133 1843 ratione
1143 1789 1331 1844 excusabitur?
1342 1789 1398 1856 Qua
1409 1805 1488 1844 causa
1499 1805 1592 1858 sospes
1603 1801 1630 1846 et
1639 1793 1749 1862 integris

133 1870 272 1915 reservant
291 1874 324 1912 ιι
343 1874 406 1912 ntss.
420 1859 562 1911 (letentur.
586 1874 644 1925 cap.
663 1858 707 1913 56.
723 1858 810 1916 Taceo
825 1876 917 1926 pretias
972 1859 1073 1913 viribus
1084 1867 1230 1913 menoetius
1241 1860 1365 1914 carnibus
1377 1871 1452 1914 utens
1464 1874 1525 1915 rens
1538 1876 1591 1915 non
1603 1875 1663 1917 esse
1673 1879 1750 1916 mort·

135 1929 251 1992 divinas,
268 1930 363 1998 quibos
377 1929 403 1981 in
419 1927 529 1995 bujnsoe
543 1931 634 1983 statuti
652 1929 808 1985 iniraetores
822 1944 919 2000 sopre-
935 1909 1118 1984 Bstratriturt
1134 1931 1189 1996 liic,
1209 1944 1311 1997 queso,
1325 1930 1424 2004 siquid
1440 1931 1531 1993 itabes,
1545 1940 1572 1985 et
1583 1934 1670 2001 aiiqna
1685 1949 1749 1988 vera

136 2014 199 2054 ntus
213 2015 301 2054 rerunt
315 1999 423 2053 Arbiter
443 2014 495 2053 nott
514 2001 597 2054 semei
614 2000 684 2053 ultus
698 2010 748 2053 est.
761 2002 854 2070 nttqna
871 2003 920 2056 ltu·
971 2001 1013 2054 ιιι
1027 2000 1178 2055 verisimilis
1193 2001 1261 2053 ratio
1276 2010 1327 2056 est.
1342 2000 1441 2056 Carnes
1453 2002 1499 2055 nbi
1512 2001 1533 2054 si
1545 2012 1620 2068 potes
1634 2005 1747 2057 vindica.

132 2069 213 2139 josm·
225 2070 250 2122 di
272 2070 393 2123 ritoitcne
416 2070 537 2138 exempla
563 2068 684 2125 oiietrdes
702 2071 771 2140 apud
791 2070 921 2128 Joatrnem
970 2069 1028 2124 tlon
1039 2069 1132 2135 babes,
1141 2084 1193 2124 nou
1205 2069 1297 2133 babes,
1311 2073 1429 2140 inquam,
1441 2079 1470 2126 ni
1480 2071 1584 2126 aestimo
1594 2072 1657 2141 quid
1666 2075 1748 2134 dicas

138 2140 299 2194 ntonaeltntn
315 2141 341 2194 in
360 2140 416 2192 liita
431 2140 516 2193 sancti
531 2139 642 2194 Orionis.
659 2142 694 2194 tlt
715 2144 921 2208 praetermittere
971 2155 1023 2194 non
1046 2139 1127 2196 bobes
1151 2142 1228 2210 piane
1252 2142 1321 2195 unde
1347 2141 1454 2210 periurii
1470 2156 1590 2209 norrun,
1612 2158 1646 2197 rte
1665 2145 1750 2198 dicam

137 2225 246 2281 nequeo
258 2211 327 2280 quod
342 2210 376 2265 de
388 2210 555 2265 laudunensi
570 2210 654 2265 sancti
669 2210 777 2265 loannis
789 2221 922 2267 monoste-
970 2224 1069 2265 notram
1084 2225 1217 2280 expurges
1232 2228 1240 2265 :
1255 2211 1345 2266 obrias
1364 2213 1481 2281 Regilla,
1498 2212 1656 2267 contradicit
1672 2213 1750 2282 jusu-

136 2280 179 2334 rio
193 2282 300 2349 scripsit
314 2281 482 2335 llermonnus
495 2283 639 2335 monacbns
653 2281 720 2348 (oti.
734 2283 801 2334 uide
813 2281 875 2337 nir.
888 2283 918 2338 S.

135 2350 207 2404 flor.
217 2351 362 2416 bandora),
371 2351 471 2405 scilieet
483 2353 552 2419 qnod
568 2369 577 2401 ι
589 2354 688 2404 nullom
700 2354 852 2419 quadrupes
867 2355 922 2407 ani·

135 2421 191 2476 anal
202 2423 271 2476 inira
282 2437 386 2475 murum
398 2436 445 2475 sen
456 2432 558 2488 portato
570 2425 683 2475 abbane
693 2424 792 2475 intrare
804 2432 917 2489 poterat,

136 2492 207 2617 good
217 2508 269 2545 non
281 2491 371 2546 statim
385 2493 411 2544 in
425 2491 524 2546 rabiem
537 2501 565 2547 et
577 2492 603 2545 in
616 2492 745 2546 insaniam
757 2502 916 2548 verteretur.

160 2563 214 2616 nde
227 2562 307 2617 etiam
326 2563 469 2630 siquando
489 2577 555 2626 ιιι,
575 2563 616 2616 ιιι
637 2563 799 2631 episcopos,
815 2565 856 2618 rei
872 2563 917 2618 aiii

136 2632 270 2702 principes
280 2633 314 2687 od
325 2635 408 2702 ipsam
421 2631 553 2686 abbatiam
566 2634 718 2698 veniebant,
730 2647 824 2688 onmes
833 2647 918 2703 equos

135 2715 230 2757 eorum
241 2713 316 2757 estro
327 2714 430 2774 portam
441 2704 582 2768 oportebat
591 2703 700 2768 dimitti,
711 2713 738 2759 et
750 2703 801 2772 ipsi
815 2704 917 2768 pedites

135 2772 171 2827 sd
186 2775 324 2828 ecclesiam
340 2773 527 2843 procedebant.
543 2792 554 2825 a

173 2843 254 2915 533
266 2843 318 2899 Sed
331 2845 459 2913 qoaeritor
472 2859 534 2897 nom
550 2846 644 2898 saitem
658 2822 741 2900 abbas
755 2858 816 2898 cum
832 2842 925 2901 iratri-

136 2909 187 2969 bus
201 2917 357 2981 dispensare
370 2915 454 2983 possit
468 2929 482 2968 a
498 2915 586 2969 cantis
600 2914 777 2970 abstinentia?
788 2916 920 2982 Quaestio·

136 2996 200 3038 nent
213 2986 292 3041 sotrit
305 2985 399 3042 Petrus
415 2985 594 3048 Venerabilis,
611 2985 682 3040 edito
696 2995 796 3040 statuto
810 2987 919 3051 (Stator.

138 3052 196 3123 ιι),
215 3072 225 3107 r
239 3063 269 3109 ut
281 3058 401 3125 exeeptis
414 3055 536 3118 inlitmis,
546 3063 574 3109 ιι
586 3056 696 3110 ornnino
708 3052 850 3122 debilibus,
865 3071 925 3112 oar-

135 3123 216 3183 nibus
230 3126 317 3182 nulius
330 3134 464 3182 rescatm.
483 3145 492 3177 ι
509 3125 593 3196 Cujus
607 3128 697 3181 statuti
713 3129 846 3183 rationem
863 3128 924 3183 red·

971 2281 1016 2335 lia.
1035 2300 1044 2333 ι
1066 2281 1131 2335 Cunr
1152 2297 1216 2352 ergo
1240 2282 1392 2350 frangendae
1414 2282 1573 2337 absinentiae
1591 2297 1605 2337 o
1626 2284 1751 2338 carnibus

970 2365 1050 2406 causa
1066 2353 1231 2405 rationabilis
1242 2351 1330 2406 oilerri
1346 2356 1417 2406 nttiia
1429 2364 1519 2418 ruent,
1531 2354 1699 2408 maniiestum
1711 2365 1751 2407 est

972 2436 1023 2475 nec
1037 2423 1159 2476 abbatem
1173 2436 1233 2476 eom
1248 2424 1386 2476 monacbis
1398 2423 1469 2478 eirca
1479 2438 1554 2478 esum
1569 2425 1688 2478 carnium
1700 2424 1752 2477 dis-

972 2506 1085 2562 pensate
1096 2505 1184 2560 posse,
1197 2495 1248 2546 nisi
1261 2492 1329 2548 loric
1341 2493 1367 2545 in
1377 2494 1458 2547 certis
1471 2494 1631 2562 quibusdam
1644 2495 1752 2548 casibus

972 2562 1203 2626 extraordinariis,
1214 2565 1259 2631 qui
1273 2562 1316 2617 rix
1330 2564 1397 2617 intra
1411 2562 1484 2618 nriiie
1496 2576 1582 2618 annos
1592 2565 1674 2617 semei
1689 2579 1752 2618 ete·

973 2632 1059 2689 nient.
1067 2632 1201 2687 Ceterum
1213 2633 1327 2688 necdum
1337 2634 1413 2688 nobis
1424 2636 1542 2701 reperire
1551 2633 1626 2688 licuit
1636 2648 1753 2688 summo-

973 2717 1033 2757 rum
1049 2704 1202 2772 pontificum
1227 2702 1312 2766 bullas
1326 2705 1463 2759 monacbis
1480 2703 1657 2759 benedictinis
1673 2715 1713 2758 ιιι
1727 2704 1752 2757 in

976 2773 1143 2829 bebdomada
1157 2788 1253 2830 carnes
1264 2776 1360 2829 edendi
1371 2775 1506 2830 licentram
1517 2775 1659 2839 iacientes;
1674 2785 1719 2829 aut
1731 2777 1754 2827 si

976 2859 1035 2914 qnae
1054 2854 1133 2913 sont,
1149 2846 1232 2899 certis
1246 2844 1403 2914 quibusdam
1429 2845 1597 2900 ittonasteriis
1612 2859 1660 2913 pro
1675 2858 1754 2898 eausa

976 2915 1141 2978 rationabili,
1158 2926 1185 2970 ot
1199 2915 1251 2969 boc
1266 2915 1335 2970 lone
1348 2917 1381 2969 ad
1400 2925 1515 2984 tenipus,
1528 2932 1579 2970 non
1592 2930 1655 2969 vero
1669 2916 1755 2969 ‹tirini-

977 2989 1027 3040 bns
1040 2998 1067 3041 et
1080 3001 1128 3055 pru
1143 3000 1248 3055 semper
1263 2986 1332 3040 datae
1343 2985 1460 3040 inerunt.
1475 2984 1534 3040 ltno'
1545 3001 1598 3040 nrm
1612 2999 1695 3054 pauca
1709 3000 1755 3040 oc·

978 3068 1088 3110 currunt
1109 3056 1282 3111 conciliorum
1308 3057 1416 3111 decreta
1440 3059 1537 3127 qulbus
1559 3056 1711 3111 insertabo
1730 3057 1756 3111 itt

979 3126 1134 3182 coeuobiisa
1150 3129 1275 3184 cantibus
1287 3128 1450 3183 abstinentia
1465 3129 1631 3183 restituatur.

776 3413 970 3497 CAPUT
1005 3413 1100 3495 XL.

760 3576 804 3634 De
825 3591 969 3634 mensuro
988 3583 1093 3654 potos.

173 3743 353 3814 linosqrrioqne
366 3745 497 3813 propriora
512 3744 586 3798 babet
601 3744 696 3796 donam
710 3759 741 3796 en
761 3741 813 3798 neo
829 3758 837 3795 .·
851 3743 917 3796 olins
931 3742 954 3805 c
969 3752 1013 3795 out
1024 3741 1140 3796 ebrietas
1154 3760 1159 3792 :
1173 3741 1233 3794 iicet
1248 3740 1374 3809 legamus,
1388 3737 1477 3791 tinum
1488 3740 1599 3793 omnino
1610 3742 1755 3796 monacbo·

132 3835 185 3899 ric,
197 3835 264 3888 aiios
277 3851 336 3889 acro
348 3838 394 3889 ric.
412 3837 445 3890 Et
459 3836 519 3890 ideo
533 3852 593 3890 cum
607 3837 694 3903 aiiqrra
713 3834 919 3902 scrupulositate

116 3992 119 3997 Ι
134 3939 151 3981 a
166 3925 245 3981 nobis
257 3943 381 3983 ntettsura
399 3930 484 3983 rictus
498 3928 610 3982 aliorum
625 3927 807 3982 constituitur.
819 3925 921 3982 Tatnrett

133 4021 303 4078 infirmorum
323 4031 481 4078 contuentes
501 4030 515 4060 ⁸
534 4021 765 4087 imbecillitatem,
784 4020 920 4076 oredimus

130 4112 268 4172 beminam
281 4116 361 4189 534
372 4115 427 4170 vini
440 4131 488 4188 per
499 4117 618 4186 singulos
630 4113 756 4170 suillcere
770 4129 817 4184 per
839 4113 919 4169 diem.

127 4207 236 4276 Quibus
252 4219 343 4264 autem
360 4209 442 4263 doirat
459 4208 528 4265 [iens
542 4208 708 4263 ioieratttiant
727 4209 915 4270 abstinentiae,

130 4298 268 4367 propriam
282 4312 311 4352 se
327 4299 463 4353 babituros
478 4299 630 4354 mercedem
643 4302 739 4354 sciant.

167 4389 243 4457 Quod
266 4392 300 4453 si,
313 4398 358 4444 aut
375 4391 426 4444 ioci
444 4390 607 4458 necessitas,
625 4392 666 4447 rei
681 4391 765 4455 labor,
780 4401 824 4444 ant
839 4389 920 4445 ardor

128 4482 235 4537 aestotis
249 4483 363 4550 amplius
377 4480 389 4519 b
407 4483 570 4552 poposcerit,
586 4483 611 4536 in
627 4482 738 4536 arbitrio
749 4482 845 4552 prioris
856 4498 919 4535 con·

127 4570 222 4634 sistat,
234 4575 427 4629 cortsideranse
441 4573 468 4628 in
477 4575 610 4632 omnibus,
623 4589 656 4628 ne
668 4576 796 4639 subrepat
807 4574 917 4629 satietas

168 4703 292 4787 ‘liiid.,
317 4704 521 4761 considerantes.
547 4706 650 4774 Onon,
669 4709 811 4778 roqitontes
833 4710 916 4765 ronti·

128 4784 305 4901 Ἰιιιιιιιιιιιιιιιι.
319 4845 395 4902 deest
410 4847 532 4916 ompiitts.

975 3848 1032 3888 rtnn
1048 3845 1099 3885 non
1115 3845 1188 3886 esse.
1206 3830 1259 3885 Sed
1274 3830 1336 3899 qnia
1353 3829 1453 3884 nostris
1473 3832 1636 3899 temporibus
1652 3833 1678 3887 id
1697 3822 1760 3892 ιιι-Ι

978 3925 1070 3982 nacbis
1084 3924 1239 3995 persuaderi
1253 3939 1305 3978 non
1317 3933 1415 3992 potest,
1427 3923 1520 3980 saitem
1533 3926 1572 3978 ιιι
1585 3924 1757 3984 hocconsen-

975 4021 1090 4086 tiamus,
1106 4029 1135 4073 ut
1152 4034 1204 4074 non
1224 4031 1308 4086 usqne
1327 4017 1360 4072 ad
1380 4017 1529 4074 satietatem
1547 4019 1688 4086 bibamus,
1708 4023 1757 4078 sed

975 4113 1081 4183 parcius
1093 4130 1099 4166 :
1110 4111 1170 4181 quia
1181 4112 1271 4166 ninom
1282 4121 1436 4180 apostatare
1446 4112 1509 4167 iacit
1519 4114 1599 4168 etiam
1610 4115 1754 4184 sapientes.

971 4205 1021 4262 ilbi
1036 4216 1124 4261 autem
1145 4203 1197 4258 loci
1225 4203 1371 4260 necessitas
1390 4205 1527 4275 exposcit,
1549 4217 1578 4261 ut
1600 4221 1650 4262 nee
1672 4219 1752 4275 sopra

976 4297 1076 4366 scripta
1090 4309 1215 4349 mensura
1230 4294 1345 4349 inueniri
1361 4295 1456 4363 possit,
1471 4295 1518 4351 sed
1532 4297 1615 4352 multo
1629 4298 1717 4352 rninus
1731 4297 1757 4365 ι,

975 4396 1020 4443 aui
1031 4404 1062 4444 ex
1077 4398 1134 4443 toto
1147 4388 1228 4453 nibil;
1246 4387 1406 4442 benedicant
1422 4388 1503 4444 beom
1517 4391 1561 4458 qui
1577 4391 1612 4447 ibi
1625 4392 1755 4456 habitant,

973 4491 1001 4535 et
1017 4495 1068 4534 non
1085 4488 1263 4535 murmurent.
1289 4479 1344 4534 iloc
1357 4491 1420 4536 ante
1434 4482 1523 4538 omnia
1537 4483 1712 4539 admonentes
1728 4492 1757 4537 ut

972 4574 1074 4642 absque
1089 4571 1341 4628 rnrrrtuorationtbos
1356 4575 1410 4628 sint
1423 4583 1446 4629 ⁶.

1012 4718 1022 4746 ⁸
1041 4708 1096 4772 ιι,
1112 4709 1307 4761 considerantis.

1010 4781 1023 4814 ⁴
1037 4779 1135 4837 Cone..
1149 4782 1192 4829 ard
1207 4784 1299 4832 minna.
1317 4779 1400 4847 lliid.,
1417 4779 1461 4832 red
1473 4779 1580 4831 attritum
1592 4781 1687 4837 mittor.

1011 4860 1022 4884 ι
1039 4851 1080 4902 ΑΙ.
1097 4848 1198 4902 addunt
1210 4853 1312 4915 scotres.

760 5075 1084 5138 COMMENTARIUS.

167 5193 346 5263 Unusquisque
356 5197 489 5263 proprium
503 5196 576 5250 babet
591 5197 687 5251 donam
707 5216 738 5252 cs
755 5198 809 5254 lieo
828 5200 917 5255 :olias
932 5198 1132 5258 nascentium
1157 5199 1280 5252 laborare
1306 5198 1485 5264 compellens,
1507 5215 1594 5269 neque
1612 5201 1753 5257 comedero

129 5267 178 5333 ric,
195 5268 262 5320 otios
277 5283 333 5320 nero
346 5264 405 5337 rio]
428 5265 468 5320 lix
493 5265 544 5321 boc
558 5269 679 5332 driostoii
701 5268 781 5324 eiiato
797 5272 916 5341 reguiam

129 5340 217 5393 rictus
231 5337 342 5390 aliorum
358 5336 387 5391 S.
404 5337 432 5390 P.
450 5337 607 5392 Bettedictos
618 5343 731 5408 accepit,
747 5354 775 5394 ut
787 5342 915 5396 nimirum

127 5406 202 5466 irrata
218 5423 389 5474 acceptuma
408 5409 462 5461 Deo
482 5408 580 5461 donum
601 5411 744 5480 unicuique
758 5414 912 5465 triitnatur:

124 5466 211 5546 quain
228 5480 328 5546 pariter
349 5492 469 5531 normam
486 5479 512 5531 in
524 5476 624 5548 Regula
640 5481 689 5535 sibi
705 5483 739 5534 air
753 5482 848 5552 angeio
863 5492 915 5533 tra-

128 5547 184 5602 dita
198 5557 303 5603 secutus
315 5558 355 5603 est
365 5548 394 5603 S.
408 5548 566 5603 Paoitomius
580 5547 624 5617 (ln
634 5552 691 5620 ejus
707 5550 790 5617 Vita),
802 5553 915 5621 singuiis

127 5614 287 5688 §tinniret
299 5633 359 5674 suas
370 5618 449 5674 eds-re
457 5619 607 5676 concedens
618 5633 644 5675 ot
656 5621 763 5687 bibere;
777 5638 823 5693 pro
835 5625 914 5677 niodo

970 5271 1102 5335 modeste,
1120 5284 1205 5337 neque
1217 5269 1339 5339 ieiunare
1354 5268 1508 5337 proitibens.

1006 5338 1111 5394 liticine
1130 5357 1186 5392 cunr
1203 5340 1289 5402 aliquo
1304 5340 1501 5404 scrupulositate
1514 5358 1530 5394 c
1545 5343 1617 5396 nobis
1636 5359 1755 5398 tuenanro

969 5411 1050 5465 oicttts
1071 5411 1180 5464 oliorum
1208 5407 1395 5480 constituerim]
1421 5411 1547 5467 liuntdem
1571 5415 1753 5469 nitricuitatoor

968 5481 1032 5603 oiim
1046 5492 1172 5607 ergerius
1184 5492 1225 5534 est
1237 5480 1393 5543 Cossinius,
1411 5481 1449 5535 nti
1466 5483 1523 5553 ipse
1538 5493 1651 5538 testatur
1665 5484 1692 5539 in
1704 5487 1754 5542 bb.

967 5567 994 5616 tt,
1006 5568 1277 5691 Tiriiien’insrmorom
1288 5629 1435 5679 contuentes
1448 5623 1669 5698 imbecillitatem]
1683 5645 1691 5680 t
1705 5626 1751 5681 liic
