3794 6120
127 279 177 339 dte

797 278 825 334 S.
847 278 876 333 P.
897 277 1074 335 repentest

128 390 200 445 idest
208 391 453 456 suoloco,secreto,
464 403 516 442 nnn
524 388 716 456 palatinensis
724 388 901 457 superbiendo,
919 387 1049 457 Apositi,
1071 396 1096 441 et
1110 387 1246 441 constantis
1261 387 1470 456 perseueratum
1494 390 1644 457 ratu-itatis,
1661 401 1741 464 eque

56 474 58 477 ’
128 461 203 528 quasi
214 460 438 529 respuendoqnod
449 458 497 513 init
506 475 519 511 a
528 459 627 526 majore
636 461 802 528 imperatum:
813 458 842 510 ι’
850 474 900 511 uon

128 532 282 591 resistendo,
298 532 322 584 id
339 541 380 583 eet
399 530 534 585 renitendo
553 530 580 582 in
594 530 660 583 lucie
674 545 703 582 eu
722 530 904 598 implereque.

129 601 236 655 luserunt
253 599 341 669 jurae
357 600 388 653 5⁰
403 617 453 654 non
467 599 673 667 contradicendo,
698 600 751 653 alta
767 610 793 654 ct
813 607 903 669 aperta

131 685 197 723 uoce
211 670 350 724 clamando
362 684 392 723 ea
407 685 459 724 non
470 667 669 724 esseiatrienrla.

166 739 264 793 l'riaris
281 741 412 807 imperium
434 738 628 810 perduraverit]
646 738 698 793 Per
719 738 834 804 priorem
856 738 907 792 boc

132 809 191 864 loco
206 809 345 864 lienardus
359 811 482 879 iutelligit
500 808 643 873 seniorem,
659 824 736 876 quem
746 809 843 876 intumi
857 824 906 874 np-

130 882 202 948 panit
223 880 341 936 diceas:
366 879 438 935 Sciat
459 880 548 948 junior
566 881 601 932 ita
622 879 672 933 sut
697 879 832 944 erpredire.
853 877 906 932 Sed

131 950 495 1017 reiragaturBobersus,cunr
510 951 633 1003 omnibus
646 963 712 1018 quas
726 949 837 1002 uiderim
853 959 906 1002 tam

130 1021 245 1088 antiquis
254 1035 332 1087 quam
344 1019 651 1075 recentioribus-Gallicis
661 1018 836 1086 versionibus,
849 1033 908 1087 quar

130 1103 223 1173 ompes
238 1091 352 1157 priorem
364 1090 406 1145 bic
427 1091 636 1160 interpretantur
647 1090 785 1159 praelatum
796 1102 843 1142 seu
862 1104 908 1142 su·

166 1174 272 1213 rnorem.

130 1175 238 1284 peSciat
255 1231 344 1298 junior
364 1231 401 1284 ito
421 1230 469 1284 sibi
490 1229 628 1302 expedire]
650 1248 660 1283 ι
677 1230 757 1298 erust
786 1229 909 1292 diceret,

130 1299 215 1366 inquit
227 1300 402 1364 ilildemams,
414 1317 465 1354 non
478 1316 525 1368 pro
536 1304 586 1354 lroc
595 1299 910 1363 dimittatobedientiam3

132 1369 194 1436 qnia
210 1369 232 1423 si
248 1370 274 1424 in
290 1371 342 1423 illis
355 1371 519 1426 ditricitltmis
534 1371 611 1426 rebus
621 1371 768 1436 obedierit,
790 1371 841 1424 ιιιιι
854 1383 910 1424 stlae

131 1440 353 1494 saturicourenit.
376 1459 385 1491 s

169 1508 200 1562 ιῖι
212 1525 243 1564 ex
253 1510 374 1564 citaritutc
387 1511 514 1579 conlidens
524 1513 556 1565 de
566 1511 697 1581 adjutorio
713 1507 770 1574 bet,
786 1507 912 1579 obediam]

131 1579 187 1633 Nisi
208 1581 276 1635 lurte
295 1581 392 1651 aliquid
416 1581 584 1649 pisaeeipiatur
602 1583 672 1650 ‹purod
694 1582 728 1634 sit
748 1581 913 1648 impossibile

132 1652 206 1721 funs,
218 1651 285 1713 sire,
298 1662 326 1704 ut
338 1654 453 1719 loquitur
465 1654 493 1704 S.
509 1652 665 1706 Ambrosius
677 1650 745 1721 (uto.
758 1667 782 1705 tv
793 1651 824 1703 de
836 1649 911 1714 Fide,

956 460 1075 512 amicitie
1088 458 1175 527 tidem.
1189 457 1244 512 linc
1256 461 1406 520 enimcum
1421 458 1473 528 legi
1489 459 1533 516 bei
1550 474 1688 528 repugnet,
1705 478 1740 517 ex

957 529 1085 583 charitate
1105 530 1159 581 lieri
1174 543 1226 581 nun
1241 538 1338 595 potest.
1361 529 1504 592 (laetorum,
1517 532 1643 600 quidquid
1666 531 1739 586 aliud

958 598 1136 667 praecipiatur,
1152 612 1309 666 quocunqne
1322 597 1402 651 modo
1419 601 1453 653 sit
1475 600 1656 666 inrpossibile,
1676 617 1740 656 cum

959 670 1033 722 ilrltta
1048 684 1096 735 spe
1107 669 1140 722 dc
1158 669 1204 722 bei
1218 668 1350 736 atljttlorin
1364 669 1568 738 aggrediendum
1593 681 1650 734 esi,
1675 683 1703 726 ιιι
1717 672 1741 726 ιι

958 737 1067 793 effectus
1082 738 1201 792 estribesi
1222 746 1353 807 nequent,
1368 743 1461 793 saltem
1476 742 1559 811 882
1582 743 1743 795 ostendatur

959 809 1079 862 auectus.
1089 808 1219 862 Praeclare
1229 821 1316 862 autem
1327 812 1395 863 bunc
1406 810 1431 862 iu
1443 811 1529 863 lotum
1538 811 1667 876 cutiampt
1677 813 1742 866 Ber-

960 878 1058 931 nartius
1069 877 1233 931 Cusutntnsts
1249 895 1255 930 :
1272 897 1281 928 s
1299 878 1425 932 lltratrttis
1440 880 1597 934 riliedimnim
1611 884 1742 947 perfectio

959 948 1096 1010 rotularis,
1114 963 1148 1016 qu
1158 965 1173 1000 c
1185 951 1264 1002 ctiam
1278 947 1310 1002 nd
1323 950 1496 1010 irnpussibilia
1511 965 1540 1004 se
1556 953 1694 1013 extenlrt,
1712 963 1742 1006 et

961 1017 1011 1072 soli
1037 1018 1091 1072 Deo
1111 1018 1278 1086 relinquitur,
1298 1020 1403 1086 quando
1426 1021 1587 1089 impossibile
1606 1032 1649 1076 est
1669 1024 1743 1090 quod

958 1088 1066 1158 jubetur
1078 1107 1085 1142 a
1100 1097 1128 1142 et
1141 1087 1269 1143 mirabilis
1281 1088 1367 1143 Patris
1379 1091 1461 1143 nostri
1472 1092 1631 1154 consolatio,
1642 1108 1703 1161 quse
1717 1101 1745 1146 et

962 1162 1000 1214 sic
1019 1158 1146 1227 expedire
1161 1158 1235 1220 dicit,
1248 1168 1276 1212 et
1288 1159 1474 1215 contuendum
1490 1161 1524 1215 de
1540 1162 1584 1216 bet
1606 1162 1746 1232 adjutorio

962 1230 1134 1296 repromittit,
1145 1243 1204 1283 cnm
1215 1229 1288 1293 dicit,
1301 1229 1371 1284 sna·
1379 1231 1468 1302 junior
1481 1233 1528 1285 sibi
1540 1232 1672 1301 expedire,
1690 1243 1745 1287 etc.

962 1300 1028 1354 Cum
1054 1301 1123 1354 lieris
1137 1301 1290 1352 ‘secundnm
1316 1299 1444 1355 iuarmem
1465 1301 1582 1356 ebaritas
1604 1301 1660 1364 sit,
1682 1317 1746 1357 curu

963 1371 1060 1422 amanti
1074 1369 1140 1423 nibil
1156 1368 1191 1422 sit
1205 1369 1322 1430 difficile,
1339 1369 1423 1424 [teum
1437 1371 1463 1425 in
1487 1373 1617 1426 clrsritate
1638 1373 1748 1427 babenti

965 1439 1029 1493 nibil
1040 1440 1090 1493 erit
1101 1440 1275 1507 impossibile.
1289 1440 1361 1509 quia,
1372 1442 1448 1508 juxta
1458 1441 1675 1510 butrtinirocem,
1688 1458 1749 1512 quse

964 1510 1139 1577 impossibilia
1163 1521 1225 1563 sunt
1249 1512 1317 1578 apud
1348 1510 1489 1575 lmrnims,
1519 1512 1657 1577 possibilia
1687 1525 1751 1568 suut

965 1579 1033 1648 apud
1052 1577 1287 1641 brumetonam,
1303 1592 1329 1633 ut
1341 1579 1398 1635 bec
1411 1582 1500 1636 littera
1514 1583 1644 1647 triplicat.
1657 1584 1749 1639 orturiia

965 1649 1179 1719 expedimenta
1200 1651 1358 1704 confidentia
1374 1653 1399 1704 in
1421 1652 1515 1706 rirerito
1531 1652 1578 1707 liei
1594 1652 1663 1722 parit
1674 1653 1752 1722 adju·

132 1735 188 1790 cup.
204 1719 242 1788 5),
258 1722 422 1788 impossibile
432 1737 477 1793 per
488 1723 661 1833 deppitionem
674 1721 837 1775 immutabilis
854 1736 912 1788 pro·
968 1721 1080 1787 torium,
1094 1721 1121 1774 in
1136 1719 1292 1788 operatione
1307 1722 1444 1790 impendit.
1465 1739 1475 1773 r

456 2098 493 2161 Ut
512 2099 545 2160 in
562 2100 747 2159 monasterio
762 2115 826 2158 non
841 2107 1006 2176 presumat
1020 2098 1101 2159 aiter
1118 2100 1249 2161 aiterum
1262 2099 1432 2181 defendere.

169 2217 372 2273 praeventum
382 2230 395 2257 ¹
409 2228 450 2275 est
464 2235 497 2275 ne
512 2221 604 2291 quasis
618 2223 759 2278 occasione
772 2234 915 2293 praesumat
931 2225 954 2285 B
967 2225 1104 2279 monacbis
1126 2235 1309 2294 presumatur,
1330 2227 1390 2298 quia
1405 2226 1502 2282 exinde
1530 2223 1692 2297 purissima
1707 2238 1755 2277 oc·

134 2309 203 2366 alter
221 2308 302 2363 alitum
322 2309 466 2367 delendere
480 2312 639 2367 monaclmm
659 2313 687 2369 itt
706 2316 867 2370 monasterio
888 2313 913 2386 b,
966 2317 1041 2370 casio
1060 2319 1245 2372 scandalorum
1272 2319 1337 2374 oriri
1360 2327 1458 2389 potest.
1472 2317 1548 2385 Quod
1568 2317 1593 2374 si
1613 2317 1675 2387 quis
1698 2315 1755 2370 ιιι

135 2398 268 2468 autquasi
283 2410 294 2439 ι
306 2403 374 2454 tueri
386 2417 393 2453 s
406 2402 509 2456 etiamsi
521 2402 640 2473 qualevis
650 2401 664 2440 ι
676 2403 915 2476 consanguinitatis
967 2415 1149 2479 transgressus
1159 2410 1249 2476 luerit,
1261 2413 1349 2466 acrius
1358 2416 1518 2467 coerceatur.

135 2491 330 2561 propinquitate
340 2491 484 2563 jungentur
499 2504 523 2549 ι.
542 2495 595 2552 Nec
614 2496 733 2567 quolibet
747 2496 826 2553 modo
850 2498 875 2552 id
898 2513 914 2551 a

197 2671 298 2736 tiron„
311 2671 486 2725 retraendum.

171 2738 184 2776 ι
202 2740 280 2794 lteest
292 2741 318 2794 in
332 2740 435 2796 duobus
446 2756 496 2795 ms.
512 2742 539 2794 in
558 2743 724 2798 monasterio.

170 2818 181 2847 ι
202 2811 245 2862 ΑΙ.
260 2810 334 2864 deest
347 2813 428 2880 quusi.

1005 2669 1130 2737 ebron..
1146 2668 1240 2734 Cone„
1255 2671 1353 2738 quana.

1008 2744 1132 2808 ebron,
1144 2745 1279 2813 ianqutur.
1301 2741 1410 2804 dobes..
1427 2751 1608 2812 comperpetus.

785 3015 1105 3079 couuenrrmus
1179 2991 1180 2996 '

173 3136 369 3190 Precouendum
393 3145 430 3190 est
453 3151 485 3189 ne
507 3136 594 3205 quaeis
620 3137 751 3191 occasione
774 3147 913 3206 presumat
964 3138 1012 3193 sed
1038 3137 1221 3194 defensionem
1238 3137 1270 3192 ad
1284 3137 1496 3193 confirmandum
1509 3146 1649 3206 peccatum
1669 3137 1753 3193 susci·

136 3209 198 3261 ulter
209 3210 317 3260 atterum
331 3206 465 3277 defendere
479 3207 629 3260 nmnmlrum
647 3208 673 3260 in
687 3209 849 3271 monasterio,
869 3219 913 3262 aut
964 3209 1014 3277 pit,
1028 3209 1072 3278 qui
1094 3208 1231 3277 delinquit.
1256 3208 1309 3263 Sed
1332 3220 1359 3263 ct
1373 3208 1440 3262 alios
1455 3208 1487 3263 sd
1504 3208 1594 3263 simile
1620 3219 1752 3276 provocat

136 3278 206 3348 perusi
228 3277 316 3346 iterii
332 3277 400 3329 inter
413 3277 548 3343 defendere
559 3286 583 3331 et
604 3277 669 3330 tueri
687 3280 727 3330 sic
749 3279 914 3348 distinguunt
965 3280 1063 3334 maium
1085 3280 1143 3333 :ita
1156 3290 1184 3334 ut
1198 3279 1338 3334 conveniat
1348 3279 1383 3344 ei,
1399 3279 1442 3346 qui
1457 3289 1600 3348 peccantes
1615 3277 1750 3344 defendit,

136 3359 369 3411 commentatores,
385 3358 412 3399 ut
424 3347 558 3414 defendere
570 3349 604 3402 de
623 3357 712 3413 aperta
728 3357 755 3402 et
775 3348 912 3403 rrrarrilesta
964 3348 1029 3402 lllnd
1040 3350 1109 3418 quod
1120 3349 1285 3404 dictumest:
1298 3349 1365 3414 Quia
1377 3350 1399 3402 si
1413 3365 1462 3403 non
1477 3349 1636 3404 ostenderitis
1650 3350 1751 3419 [nctus

136 3417 288 3473 steterisione
311 3417 513 3487 intelligendum,
532 3421 580 3484 sit3
597 3418 662 3470 tueri
675 3433 737 3470 reso
759 3417 793 3472 de
812 3420 915 3473 occulta
964 3419 1054 3489 diqnos
1067 3420 1227 3488 penitentie,
1236 3419 1394 3483 excidemini,
1411 3422 1471 3473 etin
1482 3422 1566 3488 iqnem
1580 3419 1743 3473 mitteminis

136 3499 161 3542 et
188 3486 298 3550 cai·idu;
325 3504 378 3541 non
404 3487 562 3553 urranilesta,
587 3488 634 3541 sed
655 3488 743 3542 sorbis
756 3499 882 3556 cooperta
904 3507 910 3543 :
966 3488 1000 3542 lit
1012 3489 1144 3544 orsiesius
1158 3489 1259 3559 (Docte.
1280 3508 1303 3543 c.
1324 3489 1369 3558 ιι)
1385 3507 1393 3542 z
1408 3507 1418 3540 s
1435 3490 1463 3545 Si
1479 3493 1641 3559 praepositus
1654 3490 1749 3544 domus

137 3575 147 3609 s
166 3558 233 3613 Sunt
248 3570 329 3622 carim,
347 3559 430 3628 inquit
449 3557 632 3619 llitdemarus,
653 3558 698 3627 qni
714 3561 797 3623 palam
812 3569 840 3613 et
857 3573 913 3612 nra·
927 3548 949 3610 C
965 3559 1083 3628 aliquem
1107 3560 1264 3629 corripuerit
1285 3577 1317 3614 ex
1343 3558 1469 3614 frattribus
1483 3558 1528 3628 qui
1553 3558 1607 3613 sibi
1632 3559 1748 3630 subjecti

135 3628 230 3682 uileste
241 3627 385 3682 delenitum
399 3628 481 3688 alios;
497 3637 524 3682 ut
540 3630 589 3682 boc
600 3642 651 3681 non
667 3628 721 3695 liat,
736 3629 803 3683 dixit
823 3629 910 3697 desen·
965 3641 1042 3691 surrt,
1057 3630 1182 3684 erudiens
1201 3645 1262 3685 eum
1285 3630 1313 3685 in
1329 3630 1424 3684 timore
1447 3631 1510 3693 llei,
1524 3637 1551 3682 et
1571 3631 1687 3698 cupiens
1711 3630 1749 3685 ab

136 3701 204 3752 utere.
215 3700 317 3752 Etsrrut
327 3700 372 3752 alii
384 3700 429 3768 qui
441 3704 494 3751 ntrn
505 3698 602 3752 audent
612 3698 751 3753 tiraniteste
761 3699 912 3767 defendere,
964 3705 1217 3769 errorecurriqere;
1233 3708 1260 3755 et
1281 3701 1348 3754 alirrs
1364 3702 1477 3755 voluerit
1492 3713 1539 3766 pro
1561 3713 1595 3754 eo
1613 3700 1700 3768 loqui,
1719 3707 1749 3754 et

136 3768 280 3823 detendunt
298 3769 434 3836 inperrrose
447 3783 507 3822 curu
523 3768 643 3823 dulcibus
655 3770 743 3822 verbis
758 3779 784 3822 et
799 3770 858 3824 aliis
874 3771 914 3823 la·
965 3783 1027 3824 eum
1048 3769 1203 3839 defendere,
1217 3773 1374 3826 subvertens
1394 3784 1441 3825 cor
1455 3769 1540 3833 illuc
1554 3768 1600 3838 qui
1613 3769 1667 3824 boe
1687 3770 1750 3826 lacit

136 3849 231 3899 tenter,
254 3838 399 3907 cogitantes
416 3838 538 3893 abbatem
557 3855 608 3892 nrm
623 3838 771 3907 intelligere
793 3855 822 3893 se
834 3853 914 3894 causa
964 3847 1056 3908 peccat
1068 3841 1093 3895 in
1107 3854 1180 3895 suain
1194 3842 1320 3902 animam,
1331 3840 1392 3910 quia
1406 3840 1537 3895 snbvertit
1548 3853 1609 3894 enar
1623 3842 1671 3909 quui
1686 3856 1748 3895 cor·

136 3908 299 3963 detensionis
314 3909 462 3978 bocuqere,
476 3912 510 3964 de
525 3910 620 3978 quibus
640 3909 709 3962 dixit
723 3910 795 3978 quasi
808 3911 882 3964 tueri.
901 3931 911 3963 s
965 3909 1014 3978 rigi
1030 3918 1143 3977 poterat,
1159 3921 1186 3966 et
1200 3920 1406 3978 corrumpentem
1426 3909 1518 3978 dejicit
1539 3910 1565 3963 in
1580 3920 1695 3976 terram,
1706 3922 1749 3966 at-

138 3982 173 4033 lta
190 3995 250 4032 cum
265 3979 417 4034 llilslemaro
432 3979 579 4033 bernardus
594 3979 777 4043 cassinensis,
792 3979 913 4034 Nicolaum
964 3994 1016 4048 que
1030 3980 1062 4033 ad
1077 3981 1188 4036 rneliora
1204 3984 1355 4036 tendentem
1371 3982 1438 4033 rnala
1453 3980 1628 4048 persuasione
1637 3981 1749 4048 decipit,

136 4048 914 4119 sleFractnra‚etBoberiusinutroquecommentariol'ueri
966 4064 1059 4104 errans
1072 4051 1139 4120 ipse,
1154 4063 1181 4105 et
1200 4053 1268 4106 alios
1279 4066 1368 4104 errare
1383 4051 1490 4105 taciens.
1504 4051 1572 4105 lluic
1590 4051 1657 4105 illud
1673 4062 1751 4120 apta-

137 4130 224 4173 tasueu
240 4119 386 4187 Smaraqdo
398 4119 584 4190 dicitur883
595 4120 727 4181 sustinere,
742 4136 813 4186 opem
834 4124 912 4191 serre,
965 4118 1035 4174 isium
1048 4133 1248 4189 currqrrtenter:
1269 4119 1315 4175 Ve
1332 4123 1376 4190 qui
1390 4130 1475 4192 potum
1497 4122 1543 4174 dut
1567 4122 1686 4188 prosim
1701 4138 1750 4176 sno

137 4190 174 4241 rel
186 4189 331 4253 presidium
340 4206 350 4253 ,·
360 4199 388 4244 et
398 4189 524 4244 bernardo
538 4191 595 4257 plus
609 4199 645 4245 est
657 4191 722 4242 tueri
735 4206 811 4256 quom
826 4191 914 4258 delen·
963 4192 1147 4245 subversionem
1161 4191 1300 4256 turbidum,
1316 4200 1340 4244 et
1359 4190 1485 4244 inebrians
1497 4207 1554 4245 eum
1565 4191 1576 4244 l
1589 4190 1636 4246 Vte
1650 4193 1696 4262 qni
1707 4208 1750 4246 er·

136 4262 204 4312 dere.
217 4259 297 4327 lingis
312 4270 399 4314 tamen
414 4261 547 4314 riorrnullrs
560 4259 688 4313 arridebit
698 4259 797 4326 primur
808 4275 912 4329 sensns,
963 4274 1020 4314 rore
1035 4261 1097 4331 [ecit
1109 4277 1203 4314 cecum
1216 4262 1243 4314 in
1254 4263 1303 4322 uio,
1322 4263 1364 4331 qui
1382 4261 1698 4332 scandaiiectqaempiunt
1718 4265 1751 4315 de

137 4344 196 4394 ipra
218 4333 246 4384 s.
274 4330 431 4385 Berrcdictus
445 4345 498 4383 num
519 4330 583 4384 dicit
604 4329 760 4395 simpliciter
774 4332 849 4393 tueri,
864 4335 913 4385 sed
964 4329 1003 4384 tris
1016 4333 1059 4401 qai
1071 4333 1177 4385 credunt
1188 4330 1259 4385 Deo!
1274 4330 1383 4397 Expedit
1397 4335 1419 4384 ei
1431 4341 1458 4384 ut
1471 4333 1666 4399 appendaturei
1681 4334 1751 4386 meis

136 4402 208 4464 qnasi
224 4401 297 4461 turri,
312 4401 383 4464 quud
395 4401 516 4455 callidam
531 4399 713 4455 delensiuncnt
726 4402 813 4470 potius
832 4402 914 4471 signi·
963 4402 1076 4455 asinaria
1095 4417 1171 4471 super
1187 4401 1281 4455 collium
1300 4405 1366 4467 eins,
1384 4409 1407 4455 et
1429 4403 1600 4473 precipitatur
1610 4403 1639 4456 in
1658 4418 1750 4466 mere:

136 4474 215 4525 tiuare
230 4473 342 4523 videtur.
964 4473 1024 4537 quia
1036 4471 1176 4535 subvertit,
1192 4472 1365 4534 utdiximus,
1387 4473 1568 4527 sublevantem
1583 4485 1623 4536 se,
1639 4481 1668 4526 et
1681 4474 1750 4527 obe·

173 4540 279 4595 Etiamsi
293 4541 641 4610 qualeuisconsanquinireris
655 4541 840 4610 propinquitate
851 4544 914 4613 jun·
964 4542 1080 4597 dientem
1102 4542 1234 4596 transtulit
1250 4543 1282 4596 ad
1297 4542 1459 4610 superbiam,
1474 4551 1501 4597 et
1514 4556 1576 4596 eum
1589 4544 1635 4611 qui
1651 4545 1678 4597 in
1688 4543 1752 4596 dul-

135 4609 250 4683 gentem]
266 4613 296 4664 ιι
316 4625 398 4674 certe,
411 4623 439 4664 ut
461 4615 562 4678 optime
580 4611 622 4664 bic
634 4613 804 4665 ratiocinatur
819 4611 913 4667 llilde·
964 4611 1058 4666 cediue
1071 4613 1208 4667 clrarrtatis
1222 4612 1477 4680 poterrtarnbntaie,
1486 4617 1618 4667 convertit
1635 4614 1663 4667 in
1675 4629 1750 4666 ama·

136 4697 237 4746 risurus,
261 4698 320 4735 cum
336 4695 384 4735 uec
398 4685 518 4748 proprias
531 4682 678 4735 roirurtatrs
692 4685 717 4734 in
737 4681 843 4749 propria
864 4697 913 4748 po·
963 4681 1123 4745 titudinem,
1151 4692 1177 4737 et
1197 4684 1461 4750 subiectnmteqitms
1490 4683 1649 4738 tironasterii
1672 4687 1750 4738 matis

137 4763 232 4806 testate
259 4753 314 4806 siris
341 4753 479 4819 discipulis
509 4753 538 4807 S.
571 4752 728 4806 benedictus
754 4756 911 4818 reliquerit,
965 4753 1083 4807 utinsiliis
1097 4752 1261 4820 depravavit,
1278 4755 1391 4823 lecitque
1412 4753 1501 4808 odisse
1514 4767 1587 4819 eutii,
1602 4764 1632 4807 et
1644 4754 1752 4808 cornri·

134 4838 234 4890 eosque
247 4824 326 4876 etiarn
342 4824 514 4890 impossibilia
536 4821 677 4890 ituperauti
694 4837 739 4890 per
750 4825 839 4876 rstrruia
849 4825 914 4879 obe·
966 4824 1030 4876 stari
1047 4834 1140 4877 contra
1152 4824 1239 4885 illum,
1251 4825 1294 4893 qui
1306 4839 1367 4876 curn
1378 4823 1491 4878 docebat
1505 4823 1609 4878 baurim
1626 4825 1751 4895 discipli·

135 4892 194 4946 tlrre
212 4894 295 4947 uelit:
310 4910 320 4944 r
335 4891 411 4947 Silta
425 4905 467 4948 est
481 4905 509 4947 ut
528 4895 674 4946 nrouraclms
689 4906 736 4960 pro
748 4907 778 4946 se
794 4906 846 4946 troo
865 4910 912 4947 au·
964 4907 1038 4956 nam,
1057 4896 1117 4948 lites
1128 4909 1221 4947 serens
1232 4896 1301 4948 inter
1315 4898 1409 4946 tratres
1423 4905 1450 4947 et
1460 4894 1618 4948 discordias.
1634 4911 1645 4946 s

136 4963 197 5015 sieut
218 4964 360 5031 quidquam
384 4964 472 5030 loqui,
487 4968 571 5018 inulto
585 4965 673 5016 missus
686 4978 734 5032 pro
749 4962 818 5015 aliis.
835 4983 845 5015 s
861 4963 911 5019 Cui
927 4934 953 4995 Ι)
1000 4963 1076 5028 Quod
1088 4965 1110 5017 si
1124 4965 1180 5031 quis
1191 4964 1244 5018 bec
1254 4975 1424 5032 transmeastis
1435 4965 1522 5034 suerit,
1534 4967 1620 5017 uenus
1635 4981 1754 5018 concea-

136 5033 253 5088 coucinit
264 5035 294 5088 S.
307 5032 487 5088 Coluurbunus
495 5034 538 5090 bic
549 5032 602 5088 aS.
619 5035 760 5089 benedicto
768 5032 913 5088 Atriauensi
964 5041 1016 5087 tur.
1028 5032 1038 5106 ]
1052 5033 1114 5087 llaec
1123 5036 1202 5088 uerba
1217 5035 1320 5089 duobus
1331 5033 1416 5087 rutodis
1427 5035 1550 5100 intetttptt
1561 5034 1750 5090 llildcmarus:

135 5102 320 5159 ineamus-dia
332 5105 438 5158 citatus.
966 5121 975 5154 s
995 5105 1048 5158 dui
1059 5104 1129 5158 enirn
1146 5104 1241 5173 inipso
1255 5106 1337 5174 gradu
1353 5119 1405 5173 quo
1418 5116 1471 5158 stat
1497 5103 1590 5157 durim
1603 5105 1686 5160 dulret
1703 5122 1752 5158 ar·

175 5174 228 5228 Nec
243 5173 355 5244 quolibet
378 5182 452 5227 mado
477 5175 505 5226 id
531 5191 548 5228 u
573 5175 703 5228 monacbis
722 5173 912 5244 presumptum]
963 5176 1017 5242 qui,
1031 5184 1076 5227 ant
1088 5183 1161 5230 certe
1173 5190 1253 5229 unsrun
1265 5175 1375 5246 gradum
1390 5174 1587 5230 transcendere.
1609 5193 1619 5226 s
1635 5177 1749 5231 ttermr

139 5245 254 5298 silultis
268 5246 338 5299 etrim
353 5245 455 5309 modis,
477 5246 516 5299 uti
541 5243 663 5298 observat
685 5243 867 5305 llildcmarus,
884 5250 912 5296 lit
964 5246 1013 5298 dns
1026 5244 1194 5301 casstmnsis
1210 5262 1274 5300 uero
1297 5263 1305 5300 z
1329 5262 1338 5294 s
1358 5244 1413 5313 ligo
1440 5256 1549 5309 autem,
1569 5247 1667 5312 inquit.
1685 5257 1754 5313 pisto

136 5316 256 5369 «tolenno
272 5333 278 5367 ε
295 5315 436 5381 aliquando
452 5332 499 5381 pru
511 5316 755 5383 consanguinitatem
769 5314 911 5380 allqrsandu
964 5315 1035 5382 qirod
1047 5315 1075 5368 ll.
1089 5315 1248 5370 benedictus
1260 5315 1324 5368 sidit
1335 5329 1367 5367 ert
1377 5323 1524 5383 quantitate
1534 5316 1626 5370 delicti
1642 5330 1752 5382 ptenam

137 5399 184 5451 pro
199 5389 302 5455 patria,
317 5382 425 5454 quiade
446 5401 496 5440 utria
525 5387 607 5453 patria
623 5397 680 5442 est:
702 5385 842 5448 aliquando
864 5401 911 5447 ..aa
965 5388 1206 5449 trsrrrspressoribus
1229 5385 1428 5453 imponendam,
1442 5386 1553 5440 arbitrio
1565 5387 1680 5455 relinqui
1704 5391 1753 5440 ab·

137 5459 153 5506 sl
165 5458 310 5526 scipulatu,
333 5457 475 5524 aliquando
499 5472 547 5524 pro
561 5458 691 5522 urrricitia,
707 5452 848 5521 aliquando
864 5470 912 5521 prn
966 5456 1033 5508 lrsrtis
1047 5455 1126 5522 buius
1138 5457 1332 5524 impositionem
1348 5469 1445 5522 poerrsc,
1467 5466 1496 5509 ut
1508 5457 1655 5509 secundum
1669 5458 1754 5526 apsi-

136 5528 206 5592 qula.
226 5546 235 5578 s
251 5528 303 5581 Sed
320 5526 392 5580 trullo
413 5528 493 5580 nitido
507 5528 532 5579 ul
547 5541 562 5578 a
575 5527 710 5579 mamonis
726 5537 909 5589 presumatur.
964 5527 1082 5579 trnlinem
1098 5527 1228 5580 medicina
1242 5535 1390 5591 prestetur.
1407 5544 1417 5576 s
1432 5526 1484 5579 Sed
1510 5525 1652 5591 Bobcrius,
1663 5530 1753 5582 relata

173 5599 239 5657 Quin
258 5599 350 5652 esirrde
366 5596 516 5666 pronissime
530 5598 628 5650 occasio
647 5595 826 5648 scandalorum
849 5597 911 5649 eriri
962 5595 1045 5665 88ss
1068 5595 1203 5666 utriusque
1221 5597 1409 5664 expositione,
1435 5609 1510 5650 suam
1537 5596 1574 5650 ita
1597 5598 1753 5665 exprimit:

137 5669 239 5737 poterut
251 5669 329 5732 Quia,
344 5678 372 5722 ut
384 5666 459 5722 aitS.
474 5668 586 5720 basilius
600 5667 676 5736 (ιιι,
692 5663 793 5729 uituli.
808 5667 909 5729 trousl.,
967 5683 976 5715 s
997 5667 1051 5732 ligo
1065 5676 1152 5721 autem
1178 5666 1239 5721 dico
1253 5683 1259 5717 :
1275 5681 1363 5720 acrius
1378 5667 1513 5732 prusriutur,
1536 5666 1641 5722 scilicet
1654 5668 1755 5724 delen·

137 5749 161 5787 c.
174 5732 219 5801 ιιι
237 5756 242 5787 .·
259 5756 266 5786 ι
287 5737 344 5790 mn
356 5738 410 5804 ium
424 5746 617 5807 correptionem
633 5742 664 5792 ad
680 5736 902 5805 emendationem,
958 5737 991 5791 de
1003 5750 1024 5789 rs
1035 5735 1078 5789 illo
1089 5736 1132 5805 qui
1148 5737 1284 5807 ‹letiquins
1297 5737 1327 5790 Et
1341 5746 1414 5791 certe
1427 5740 1448 5792 si
1465 5737 1487 5794 is
1503 5738 1568 5808 ‹qui
1578 5739 1697 5795 aliorum
1709 5753 1753 5797 er-
