3794 6120
591 254 759 314 antennis
778 255 824 310 litt
841 254 955 311 nestit
976 254 1004 311 S.
1026 254 1056 310 Ρ.
1076 251 1187 310 tantist>
1194 249 1276 307 lctis
1705 241 1760 298 nnc

140 362 1747 393 ,Μ

485 458 534 517 DE
556 456 586 516 S.
609 454 820 516 nennium
842 454 1030 517 Episcopo
1054 453 1222 527 elusone
1244 451 1400 515 annuit

756 595 906 640 rainneri
929 595 1133 639 rnsrtiioiiii.

866 695 1023 713 0——

172 785 309 856 Gregorius
321 785 421 841 Tition.
443 784 510 839 liist.
537 783 631 838 Fraoc.
661 783 707 840 lili.
732 799 768 849 ii,
793 798 852 854 cap.
876 783 915 837 ἵε
929 783 1025 854 Aejos
1050 792 1151 850 partein
1170 779 1197 837 io
1225 777 1399 836 Concordiam
1427 776 1577 847 regularum
1609 775 1761 829 transtulit.

137 881 175 935 Eo
191 892 301 948 tempore
323 875 458 931 ferreolns
481 874 620 931 Ucetiemis
644 874 789 943 opiscopus.
814 887 912 946 moqnoe
1003 873 1162 941 Sionragdns
1175 871 1255 926 etiarn
1270 870 1351 925 molta
1369 883 1402 925 ei
1414 882 1445 924 ea
1460 865 1539 924 attin
1552 865 1585 921 ad
1601 865 1758 936 Expositis·

135 974 172 1027 sir
188 970 336 1034 sanctitutis,
351 967 424 1031 oliti,
448 966 539 1037 pleitttt
563 964 690 1033 sapientia
713 973 738 1017 et
758 964 888 1018 intellectu
906 979 916 1018 .·
969 982 1029 1022 nem
1045 963 1151 1034 liegiilie
1163 963 1192 1020 S.
1207 961 1354 1017 Benedicti.

135 1065 179 1136 qni
197 1063 272 1118 itinn
294 1063 392 1127 aliquos
413 1058 587 1126 epistolarum,
603 1057 675 1124 quusi
691 1056 829 1113 Sidonium
842 1073 916 1111 secu·
1004 1059 1080 1114 loon.
1106 1056 1276 1121 Tritlteinius,
1294 1055 1341 1111 lili.
1372 1052 1405 1108 de
1417 1050 1585 1121 eupoleon
1612 1048 1762 1104 monartio·

137 1167 189 1220 tur,
205 1154 355 1220 composuit.
968 1166 1038 1216 roni,
1052 1165 1111 1218 cap.
1123 1149 1162 1203 5:
1180 1147 1292 1219 Denique
1306 1147 1331 1201 in
1349 1145 1447 1216 Reputo
1466 1142 1575 1199 conottt
1591 1142 1673 1196 sancti
1690 1138 1760 1195 Fer-

172 1247 202 1302 S.
225 1243 380 1299 Benedictus
392 1241 500 1296 Auianae
511 1238 594 1294 abbas
610 1240 677 1293 lianc
690 1253 796 1309 qnoque
807 1238 836 1294 S.
850 1237 919 1295 l'er·
969 1241 1031 1295 reoli
1044 1240 1156 1306 episcopi
1178 1249 1202 1293 ct
1225 1236 1345 1307 mortqris
1361 1237 1460 1291 decimo
1483 1234 1601 1305 capitulo
1615 1233 1652 1288 sic
1673 1232 1763 1286 seriti-

140 1336 204 1392 reo'i
217 1332 341 1408 episcopi
351 1333 476 1404 Regulam
490 1331 587 1401 sepius
610 1331 709 1395 laudat,
725 1340 752 1385 et
772 1329 918 1387 mariniani
975 1342 1016 1387 nir
1031 1348 1041 1386 .·
1056 1331 1119 1387 illud
1132 1332 1211 1386 etiam
1223 1330 1302 1384 statui
1315 1330 1414 1384 dooere
1429 1328 1628 1398 prospeximus,
1643 1334 1695 1381 etc.

527 1519 742 1580 OBSERlelli
759 1523 893 1579 ellinici
914 1522 946 1579 ΙΝ
966 1524 1129 1580 REGUdei
1148 1523 1368 1591 sequentes.

179 1641 209 1699 S.
226 1637 501 1696 Ferreolnsiiutiensis
515 1637 541 1690 in
554 1637 687 1690 (laritanis
700 1637 843 1706 episcopiis,
856 1640 926 1690 circo
974 1638 1017 1692 cit.
1034 1636 1118 1692 ddnlto
1136 1637 1209 1691 liniet
1222 1636 1251 1690 cd
1264 1637 1323 1691 aliis
1336 1637 1449 1706 antiquis
1470 1637 1566 1709 repulit
1588 1637 1705 1698 diuersa,
1720 1652 1767 1695 nee,

142 1751 237 1790 nitrum
260 1733 313 1789 558
331 1731 511 1786 monasterium
535 1746 582 1798 pro
609 1729 739 1783 monocltis
762 1730 925 1794 construxit,
975 1730 1080 1785 illarum
1094 1730 1245 1784 mentionem
1259 1729 1330 1798 facit.
1348 1727 1494 1783 Praesertim
1513 1728 1560 1782 lior
1578 1729 1711 1782 montore
1731 1729 1768 1780 ci·

144 1825 211 1894 quod
225 1824 361 1878 etiamnum
382 1837 398 1874 o
417 1836 465 1874 sno
486 1821 587 1873 nomine
610 1818 816 1874 Ferreolacense
829 1817 928 1874 Coenn-
943 1853 964 1910 B
977 1821 1144 1891 detur,qnod
1153 1823 1236 1890 sopite
1249 1821 1284 1877 38
1300 1822 1432 1888 precipiat
1447 1829 1475 1874 itt
1488 1818 1567 1874 alitos
1579 1818 1677 1874 cirlinae
1687 1821 1768 1872 isser·

144 1914 214 1970 biorn
231 1923 403 1982 nnttcnpotur.
419 1911 472 1967 Pro
490 1909 622 1965 monncliis
635 1925 695 1982 erqo
721 1909 799 1983 liujus
820 1910 926 1966 cononi
981 1914 1031 1966 oict
1046 1913 1124 1967 tribus
1134 1911 1326 1968 solemnioribus
1338 1912 1482 1966 monosterii
1494 1913 1574 1979 tntis,
1596 1912 1720 1966 sinens·
1740 1913 1768 1966 lit

146 2009 211 2063 lione
225 2017 371 2073 presentem
394 2003 518 2075 iieqrilont
538 2002 687 2072 conscripsit
701 2003 831 2071 piissimus
844 2004 930 2070 ponti·
984 2003 1125 2059 Natiuitcts
1141 2003 1251 2069 dondni,
1263 2004 1290 2058 in
1301 2002 1436 2067 Potedcte,
1450 2013 1525 2073 otqne
1537 2004 1564 2058 in
1578 2003 1642 2073 {eno
1659 2001 1692 2059 S.
1705 1998 1770 2058 Fsr·

147 2102 197 2167 tes,
214 2099 316 2170 triqinto
331 2111 417 2151 nouem
431 2092 556 2160 capitibus
567 2101 721 2158 contentum,
737 2107 813 2162 quom
833 2090 929 2146 tine·
983 2095 1047 2150 reoli
1059 2095 1187 2166 mortpris,
1202 2097 1245 2164 qrit'
1258 2096 1306 2165 snit
1317 2105 1442 2166 petronus
1456 2095 1614 2150 ntonarterit'.

147 2193 182 2244 tio
197 2188 298 2244 Dicensi
308 2189 426 2256 episcopo
436 2184 575 2252 dedicarit,
596 2184 701 2257 ejusque
714 2200 829 2238 censure
847 2186 932 2250 stitis·

158 2308 385 2323 *ιι-.-

572 2390 755 2449 PRAEFATlO
772 2393 922 2452 REGULAE
941 2395 969 2454 S.
992 2397 1164 2454 renitenti
1185 2397 1335 2455 eetscotn

185 2505 400 2561 [luminosancto
417 2515 445 2561 et
462 2515 619 2562 ceterorum
642 2507 842 2574 comparatione
865 2521 930 2562 san·
982 2509 1101 2565 scientie
1128 2508 1354 2579 nitidissimus,
1382 2523 1522 2564 censorem
1549 2523 1646 2564 maniis
1675 2521 1770 2566 vestre

150 2599 278 2662 ctissime,
291 2613 323 2655 ac
334 2598 608 2666 interpositorum,
624 2597 775 2670 Ciminique
790 2599 930 2671 discipulo,
982 2603 1077 2670 papiria
1090 2602 1184 2657 melios
1200 2603 1227 2657 in
1239 2616 1292 2673 quo
1303 2600 1427 2672 diligetur
1447 2601 1574 2671 placitura
1593 2602 1716 2669 recipiet.
1733 2602 1767 2659 llt

151 2692 274 2748 Lucretio
289 2706 362 2761 pape
377 2691 519 2747 Ferreolus
534 2693 684 2763 episcopus.
983 2692 1035 2749 linc
1057 2694 1140 2749 molto
1159 2695 1242 2766 magis
1260 2693 1352 2765 gloriae
1372 2694 1461 2759 detor,
1485 2693 1556 2764 qood
1571 2693 1652 2762 diqna
1668 2694 1775 2749 inreoia.

186 2783 310 2837 ilortaliis
320 2780 451 2851 quioniam
467 2792 593 2851 operante
605 2783 670 2850 ileo,
687 2784 713 2839 in
728 2799 779 2838 non
791 2783 932 2840 decorione
982 2791 1024 2838 est
1037 2785 1136 2855 regula,
1152 2800 1229 2852 qnam
1240 2799 1342 2854 perros
1355 2783 1519 2849 correxistis,
1535 2782 1664 2853 itiqiendo
1679 2783 1774 2841 slacio

152 2891 287 2941 acceo-iis,
301 2875 327 2929 in
340 2889 538 2941 qiiaserrorom
555 2874 600 2929 [lei
614 2873 791 2929 ltobiiicolom
803 2874 863 2941 ipsa
875 2875 927 2931 sibi
983 2876 1162 2932 verecundiae.
1183 2875 1211 2930 Si
1238 2891 1312 2941 tero,
1341 2884 1370 2930 nt
1396 2874 1488 2940 credo,
1514 2875 1647 2944 judicium
1672 2877 1773 2931 amoris

150 2967 276 3020 divinitas
296 2965 448 3027 collocaret,
472 2965 529 3033 ipse
551 2974 621 3020 terra
636 2966 719 3020 obtuli
739 2966 817 3021 aliani
835 2976 931 3022 terram
983 2981 1091 3036 operato
1106 2982 1195 3024 verim
1212 2966 1330 3036 iolliqeie
1342 2968 1467 3038 dignetur
1479 2966 1651 3022 correctione
1666 2965 1778 3032 littera,

153 3057 301 3112 oonimeoi,
328 3054 403 3123 Quod
417 3055 517 3122 deputo
531 3066 631 3110 sanctie
646 3058 858 3128 congregationi,
884 3056 934 3112 hnc
984 3054 1109 3126 quidquid
1122 3056 1228 3112 demum
1243 3059 1361 3126 ineptum
1382 3057 1462 3112 lectio
1483 3055 1643 3125 incastigata
1657 3058 1776 3127 protnle-

154 3149 206 3204 mei
220 3147 313 3202 donari
324 3147 401 3201 saluii
415 3145 495 3201 credo
512 3165 518 3200 :
535 3155 563 3201 ul
575 3148 600 3200 io
615 3163 695 3202 unum
712 3163 785 3204 inore
798 3164 876 3218 apum
892 3164 935 3205 re·
985 3147 1031 3212 rit,
1047 3147 1181 3203 liberanto
1194 3147 1273 3217 culpa
1284 3148 1338 3204 erit
1351 3150 1461 3215 erroris,
1475 3163 1535 3204 coro
1547 3148 1667 3203 libellum
1679 3156 1778 3205 restra

155 3238 308 3309 ligiosorom
324 3237 399 3293 turba
411 3236 532 3304 collecta,
549 3237 610 3291 dnm
623 3253 671 3305 pro
690 3239 757 3295 meis
777 3240 854 3308 plene
871 3254 934 3311 pec-
949 3229 1031 3294 C'me
1046 3248 1150 3294 constat
1169 3239 1319 3293 subdidisse
1341 3253 1472 3294 censore.
1495 3237 1558 3292 illini
1582 3246 1673 3293 tameo
1693 3252 1776 3292 oras·

153 3331 220 3383 stitis
232 3329 381 3383 orationum
393 3343 500 3383 sitarum
516 3327 595 3385 dores
608 3329 731 3397 offerant,
748 3347 829 3398 qoam
846 3332 932 3388 dulcia
991 3328 1055 3386 dein
1064 3341 1115 3397 est,
1128 3341 1156 3386 ut
1170 3330 1300 3398 imprimis
1311 3330 1376 3395 ileo,
1387 3330 1485 3386 deinde
1498 3331 1573 3386 ionis
1594 3330 1659 3385 illud
1675 3330 1778 3400 placeat

154 3422 181 3474 in
195 3419 385 3475 intercessione
396 3420 471 3474 niella
480 3420 630 3476 corilicieot.
645 3421 679 3476 Et
690 3424 814 3490 quonism
825 3439 935 3481 neeesse
990 3419 1330 3490 quodscripsirnns,etiliis
1341 3421 1502 3490 qiiitinsltaec
1517 3421 1649 3477 servanda
1664 3421 1777 3476 aranda·

154 3509 204 3566 tntt
217 3526 286 3564 tinio
307 3510 367 3565 lmic
388 3512 484 3580 populo
498 3511 568 3566 itelnl
591 3510 684 3583 juguni
706 3527 783 3569 nnvae
799 3515 866 3585 legis
886 3515 935 3570 irn-
992 3514 1107 3570 mosidi
1121 3513 1146 3567 in
1162 3512 1270 3569 nuntiae
1283 3512 1385 3569 nomini
1396 3513 1458 3569 lesit
1468 3512 1566 3569 Christi
1579 3511 1739 3568 obedientes
1751 3512 1782 3569 in

155 3605 234 3671 poni,
253 3620 306 3658 noo
329 3619 381 3670 quo
408 3620 500 3660 eornm
527 3605 595 3661 colla
623 3605 811 3675 deprimerem,
836 3607 884 3666 sed
909 3618 940 3666 nt
991 3607 1114 3662 omnibus
1126 3606 1222 3670 diuinis
1234 3608 1384 3677 praeceptis,
1398 3619 1496 3662 salerna
1511 3607 1546 3659 ab
1559 3607 1599 3660 eis
1615 3604 1738 3675 prasinis,
1751 3611 1778 3659 el

156 3694 284 3750 mentium
306 3696 426 3751 ceruices
450 3697 538 3765 politis
562 3696 731 3766 inclinarem
747 3701 865 3770 requiam
879 3718 939 3773 quse
992 3698 1076 3768 porto
1095 3699 1155 3754 sine
1170 3699 1233 3765 line,
1248 3699 1324 3754 bonae
1340 3708 1428 3755 lamen
1443 3698 1504 3754 uine
1517 3708 1607 3763 empta
1622 3695 1710 3764 pretio
1721 3698 1781 3753 rista

154 3787 189 3842 ab
202 3787 302 3854 sispro
315 3788 515 3858 teqesenettn.
534 3786 643 3844 licentis
658 3805 672 3841 a
685 3790 761 3845 robis
784 3799 836 3845 tam
858 3794 937 3860 petilii
988 3789 1101 3853 dicetur,
1115 3797 1257 3859 prestante
1271 3789 1386 3845 [tirmioo
1400 3789 1497 3846 aelleo
1511 3798 1603 3845 nostro
1617 3790 1682 3847 iesu
1699 3787 1779 3845 Citri-

154 3893 233 3944 qnam
244 3889 365 3947 accepta,
379 3879 598 3948 conscripsimus.
615 3881 643 3934 lo
656 3895 707 3951 qua
721 3881 742 3935 si
763 3880 826 3951 quid
839 3880 941 3937 severi·
988 3893 1042 3949 sto,
1054 3881 1098 3951 qni
1113 3896 1171 3942 com
1188 3881 1266 3938 Patre
1278 3892 1305 3938 et
1323 3881 1422 3951 Spiritu
1440 3889 1533 3936 saneto
1549 3881 1624 3945 uiris,
1639 3879 1767 3937 nonina.

156 3973 210 4022 tate
228 3967 338 4033 durum,
353 3969 375 4024 si
390 3969 452 4039 qnid
467 3969 624 4024 remissione
637 3969 820 4026 incidissimum
839 3971 941 4041 judicio
990 3983 1034 4028 tur
1045 3983 1072 4028 et
1086 3985 1178 4044 regitat
1192 3976 1219 4028 io
1233 3974 1330 4030 secun
1343 3974 1520 4038 emulorum,
1533 3973 1631 4029 Anien.

246 4257 739 4371 §.Ferentinae
786 4266 1257 4415 ,venetiensis
1316 4266 1674 4379 nrtscnet

483 4483 800 4614 REGULA
845 4484 948 4612 At)
995 4485 1445 4616 MONAGHOS.

192 4695 300 4767 Regale
315 4697 472 4766 principium
485 4694 519 4751 de
529 4695 570 4749 liis
583 4710 643 4766 qiiic
656 4696 835 4759 obseruanda,
851 4695 982 4755 mona-'D
996 4697 1022 4751 in
1036 4713 1066 4752 so
1088 4697 1199 4754 uirtutes
1212 4698 1355 4761 aedificare,
1386 4696 1547 4752 obedientie
1572 4697 1598 4751 iii
1623 4712 1652 4753 se
1665 4700 1784 4756 collocet

158 4788 217 4844 eliis
244 4786 453 4843 ferriolacensis
489 4786 643 4841 monasterii
679 4787 758 4841 staini
788 4789 941 4854 institutum
996 4789 1218 4851 tundamentum:
1244 4800 1274 4844 ut
1296 4788 1406 4858 impleat
1426 4789 1471 4844 itti
1493 4804 1553 4859 quie
1581 4787 1612 4843 tt.
1635 4791 1783 4858 tposmtm

156 4895 248 4944 mant.
270 4889 299 4936 nt
313 4882 455 4951 adiurante
478 4881 592 4936 Domino
606 4880 632 4934 to
661 4881 706 4934 tttlt
721 4897 788 4951 qnos
814 4882 864 4937 llde
891 4883 943 4938 llo-
996 4897 1046 4937 nos
1057 4881 1183 4937 admonet
1200 4879 1376 4944 observanda,
1394 4878 1502 4950 quando
1516 4880 1645 4950 pracepit
1663 4880 1760 4936 dicens
1773 4899 1788 4935 :⁴

160 4975 231 5029 ritino
244 4972 334 5043 geniti,
349 4972 405 5029 nac
418 4982 472 5027 tota
487 4974 566 5027 animi
580 4981 707 5028 etsanctn
722 4975 867 5030 intentione
883 4988 942 5031 ser·
998 4975 1103 5033 vienne
1122 4974 1265 5044 prepositis
1286 4972 1418 5040 ontrimt
1438 4971 1613 5043 suljoceteeir
1627 4986 1638 5026 .·
1652 4973 1704 5043 ipsi
1716 4975 1783 5027 enisi

159 5077 264 5130 rantes,
274 5065 376 5136 optimo
389 5067 559 5137 perlectoque
574 5066 635 5122 iitie
649 5080 728 5122 corso
742 5067 821 5131 ateio,
836 5078 864 5123 iit
877 5069 943 5124 scri·
996 5067 1160 5138 persiqilont,
1174 5067 1248 5135 quasi
1260 5067 1382 5120 rationem
1404 5080 1450 5135 pro
1472 5063 1606 5119 animolas
1618 5066 1708 5120 cenni
1722 5066 1787 5122 rcd·.

160 5175 231 5229 ptum
244 5171 297 5225 est,
319 5159 373 5214 rim
397 5159 505 5223 iaciant,
518 5170 545 5215 et
570 5160 722 5215 mansiones
739 5171 887 5229 preparent
900 5160 942 5215 di·
996 5158 1074 5212 ditari
1086 5196 1094 5222 ,
1108 5167 1135 5211 nt
1149 5174 1207 5211 cum
1221 5156 1314 5228 prndio
1329 5159 1376 5209 troc
1390 5154 1503 5226 tritoni,
1526 5166 1550 5208 et
1570 5170 1622 5209 tion
1639 5166 1784 5224 qemetrtcm

160 5256 217 5320 pois
248 5267 278 5308 se
301 5250 493 5306 nabitatoittnis
516 5261 685 5321 preparatas.
712 5250 809 5320 Sirqoe
832 5251 878 5305 liat
899 5261 939 5317 ot,
995 5247 1123 5303 iorenim
1137 5244 1423 5319 enpcditaoliisllieir.
1443 5250 1512 5315 xiii).

160 5347 294 5416 monendo
308 5346 411 5416 dqnnrn
425 5357 582 5413 quocunqne
602 5344 672 5412 ier-it,
688 5343 720 5397 ad
738 5343 786 5399 lioc
800 5342 943 5415 presentia
1092 5355 1159 5425 cpi,
1176 5373 1206 5414 q,
1226 5357 1266 5412 ιιι
1283 5358 1431 5424 spernatis,
1450 5366 1545 5426 qnotito
1562 5367 1687 5418 sermtsr.

161 5447 341 5506 ‘mmmm’
353 5447 381 5493 ¹¹¹
396 5437 483 5492 summ
498 5435 633 5504 ‘mmm'
1032 5470 1065 5527 tn
1079 5471 1168 5525 altboti
1188 5468 1348 5525 omnimodis
1359 5469 1508 5525 reverentia
1532 5484 1547 5522 a
1562 5469 1669 5524 conctis
1692 5483 1789 5525 amors

325 5552 414 5609 Cltlll
429 5565 539 5605 rntittin.
560 5547 599 5603 ⁰0
613 5549 763 5604 odedientia.
998 5572 1134 5627 serienir;
1147 5572 1176 5616 ut
1192 5571 1219 5616 et
1240 5576 1315 5616 emor
1329 5561 1453 5616 ostendat
1466 5560 1648 5625 cortcorriiam,
1660 5572 1690 5616 et
1707 5563 1787 5616 timor

200 5667 313 5725 Priiiinui
329 5678 358 5725 ιιι
372 5667 526 5735 monimus.
538 5679 616 5736 quoni
630 5665 734 5736 proprie
749 5671 835 5720 iiiaoct
850 5663 945 5720 mullas
1001 5659 1105 5718 noterit
1117 5655 1292 5727 disciplinato.
1307 5655 1388 5715 ilecte
1399 5657 1469 5712 enini
1485 5655 1592 5710 timetur
1605 5665 1633 5709 iit
1643 5653 1786 5720 dontinus,
