3794 6120
133 247 186 304 elo
806 250 836 309 S.
857 250 887 308 Ρ.
907 245 1086 311 benedicti
1233 252 1236 257 '
1713 249 1772 309 5ἷο

133 369 272 432 ιιιῑιυιιιιιε
292 369 425 432 timidam,
450 385 485 426 ne
508 368 577 424 lorte
599 368 739 425 deseratur
759 369 890 440 agraria.
909 387 920 422 i
936 373 1120 438 Aeorporeas
1138 368 1329 427 delectationes
1346 369 1546 440 interpreteris:
1561 374 1653 444 rigent
1664 376 1769 444 quiippe

136 442 284 510 Utruinoue
304 443 346 498 liic
363 442 462 496 induat
484 441 512 497 S.
536 440 706 505 Benedictus,
725 441 839 512 primum
860 455 922 497 com
975 441 1003 492 in
1018 439 1128 494 renibus
1140 439 1332 499 delectationes
1351 458 1482 499 reneree.
1501 444 1587 500 Aliter
1605 445 1688 501 etiarn
1713 444 1770 499 liri·

134 512 182 577 alt,
196 513 305 578 qualiter
319 520 501 567 contemnentes
515 511 596 566 Deum
609 513 637 565 in
654 514 792 582 generenam
805 526 852 581 pro
866 527 925 581 pec·
976 509 1067 565 lierius
1083 528 1090 563 a
1105 528 1116 563 s
1131 511 1260 567 Scrutans
1272 513 1353 569 corda
1375 523 1402 570 et
1426 527 1514 580 renes
1532 515 1558 570 id
1573 526 1614 570 est
1627 517 1725 571 lldeles
1738 526 1770 570 et

134 585 199 639 cotis
213 584 499 649 incidun15s⁴rcrindrrm
512 598 572 638 cum
585 583 669 650 addit,
680 593 704 636 et
716 583 792 636 nitore
803 591 925 638 eternam
975 579 1083 635 ludaeos
1102 597 1110 636 ε
1127 580 1214 637 lodari
1235 582 1363 639 dicontur
1382 598 1471 651 ιειιεε,
1491 600 1506 639 a
1524 585 1622 655 quibus
1640 587 1769 643 Clrrialus

133 669 190 722 pore
216 653 360 708 timentibus
384 653 466 709 Deam
491 662 637 724 preparato
660 663 713 721 ert,⁸
734 653 841 708 tertium
862 668 923 707 curn
974 650 1268 708 descendltsecuodum
1282 668 1407 719 earnem;
1420 656 1491 712 rrnde
1506 656 1534 711 in
1550 657 1663 723 pulmo,
1678 657 1770 729 daque

110 728 113 734 '
134 724 274 790 ptraemisit,
301 741 400 796 semper
418 727 451 779 sit
475 741 571 780 mentor
593 725 708 780 omniunt
729 739 786 792 pose
807 725 926 792 precipit
975 722 1009 777 od
1024 733 1121 777 eccum
1134 724 1314 791 increpuerant
1328 741 1367 780 aire
1379 743 1452 782 rerres
1471 729 1529 792 mei,
1543 727 1569 783 ld
1582 737 1624 784 est
1637 728 1768 795 lederna

134 794 316 867 lienemque
338 797 408 850 lirino
424 796 571 865 prasertim
585 796 636 850 linc
655 798 715 850 loco
733 795 882 864 prescribit
893 795 923 851 S.
975 794 1071 863 quibos
1091 794 1217 851 descendi
1241 796 1396 850 secundnm·
1411 811 1531 862 carnem,
1551 799 1685 868 persecuti
1700 808 1770 856 sunt

134 865 305 932 Benedictus,
318 882 366 936 pro
381 869 467 935 primo
481 866 604 920 utilitatis
616 865 700 936 gradu
717 869 857 938 assignans
869 880 925 921 non
975 880 1020 919 me
1033 879 1117 932 risque
1130 865 1162 919 ad
1179 876 1303 920 mortens
1320 887 1329 918 a

133 935 292 1006 simpliciter
301 940 427 1003 timorem,
439 937 485 992 sed
496 939 611 992 timorem
623 938 682 1002 θεὶς
693 938 764 1007 nriod
775 937 835 991 ideo
844 935 923 1004 dixit,
1010 933 1045 988 Et
1058 938 1148 990 iteum
1162 935 1285 991 Dominus
1294 937 1363 991 norit
1375 939 1540 1009 cogitationes
1552 942 1684 996 nominare
1697 958 1767 1009 cea·

133 1007 195 1062 inllt
208 1007 388 1072 llildemarns,
402 1010 464 1080 poio
477 1016 513 1063 est
527 1021 550 1064 et
562 1010 638 1062 timor
648 1011 759 1063 oliorum
770 1023 779 1063 ι
790 1019 831 1064 εει
846 1008 926 1062 timor
976 1007 1044 1060 niani
1057 1022 1129 1061 oonoe
1141 1004 1222 1078 raon]
1235 1006 1319 1074 Quem
1334 1010 1359 1063 io
1373 1009 1460 1064 locrrm
1476 1010 1644 1070 illidemarus
1654 1031 1662 1069 r
1671 1031 1681 1065 a
1690 1012 1770 1069 Nun·

136 1078 216 1150 ignis,
232 1088 274 1134 est
289 1079 368 1135 timor
383 1079 480 1140 morbi,
499 1087 541 1134 cst
559 1081 640 1134 timor
653 1079 757 1142 mortis,
771 1087 836 1143 ete.;
850 1079 925 1133 licet·
976 1076 1038 1144 orriri
1052 1077 1220 1133 solummodo
1241 1079 1322 1132 lromo
1342 1081 1518 1149 cogitationes
1539 1084 1617 1138 nabet
1637 1083 1725 1138 malas
1738 1094 1768 1141 er

135 1164 188 1220 que
201 1151 247 1206 liei
262 1151 384 1207 timorem
399 1151 425 1204 in
440 1152 578 1216 servilem,
595 1152 800 1211 mercenarium,
817 1159 844 1203 et
858 1149 926 1203 lilin-
977 1163 1030 1202 oon
1045 1148 1145 1202 bonasl
1161 1147 1229 1215 Quid
1243 1156 1285 1203 cst
1296 1163 1356 1204 conr
1376 1150 1445 1205 bona
1462 1152 1614 1217 meditatur,
1630 1169 1691 1209 cunr
1710 1154 1768 1211 lien

136 1220 190 1276 lem
211 1221 386 1288 distinguant,
412 1223 521 1292 proprie
544 1234 631 1275 tamen
656 1222 787 1289 loquendo
802 1234 869 1274 nnus
884 1229 926 1275 est
978 1224 1081 1286 p¹acere
1092 1219 1201 1288 cogitat,
1215 1221 1332 1284 rrunnuid
1343 1236 1395 1276 nnn
1405 1236 1447 1277 est
1459 1222 1527 1277 bona
1539 1225 1683 1290 cogitatio!
1696 1225 1768 1282 Vere

135 1291 224 1346 filialis
242 1309 248 1344 ε
265 1309 326 1346 narn
348 1294 455 1348 serrilis
477 1301 522 1347 ant
545 1294 726 1347 mercenarius
745 1291 789 1348 adi
801 1302 925 1346 timorem
977 1289 1046 1342 bona
1059 1298 1101 1345 cst
1112 1290 1169 1345 bac
1179 1291 1316 1359 cogitatio,
1328 1294 1374 1346 sed
1388 1292 1520 1361 Proplteta
1529 1294 1606 1356 dixit,
1619 1294 1768 1350 Hostiam

136 1362 250 1417 aliorum
263 1363 362 1418 rectius
376 1365 465 1418 retluei
478 1370 598 1431 possunt,
610 1377 659 1417 nae
672 1373 725 1417 tam
737 1365 831 1416 timere
842 1361 924 1417 beon
977 1362 1179 1427 otiositatem
1192 1370 1261 1426 alini.
1272 1376 1304 1416 ιθ
1316 1362 1339 1418 Si
1354 1362 1466 1426 dicem·
1481 1366 1614 1430 Omnium
1626 1366 1661 1420 sd
1677 1369 1769 1421 homi·

135 1447 214 1504 qunrn
228 1433 378 1500 gebennam
393 1446 437 1488 aot
449 1435 541 1505 gloriae
553 1433 724 1488 amissionem
737 1433 871 1488 ridentur.
977 1446 1025 1484 nes
1048 1432 1153 1495 attinet,
1178 1447 1254 1485 sante
1276 1444 1348 1498 surii,
1369 1435 1430 1501 utria
1449 1434 1586 1492 bominum
1606 1446 1686 1504 sutit;
1703 1452 1766 1491 nrm

174 1504 330 1559 oblivionem
344 1506 447 1561 omriiro
461 1503 565 1577 [opion]
581 1523 591 1557 r
609 1504 664 1561 lloc
678 1513 728 1568 est,
747 1505 809 1559 illud
833 1517 926 1568 pterea-
976 1510 1102 1571 nitardum
1117 1502 1149 1554 ad
1164 1501 1248 1557 Deum
1268 1503 1372 1569 attinet,
1394 1505 1471 1560 boote
1489 1517 1561 1570 sunt,
1578 1510 1639 1577 quia
1656 1523 1690 1562 er
1712 1509 1767 1563 lieo

135 1583 192 1628 trtm
209 1577 252 1645 log
263 1590 300 1639 ar,
316 1577 387 1642 qriod
401 1591 439 1630 es·
456 1575 565 1637 obiitin.
583 1576 667 1644 inqitit
681 1574 861 1637 llildcmarus,
876 1589 925 1627 cn·
957 1577 959 1582 '
977 1583 1039 1626 srint
1053 1588 1060 1626 :
1073 1572 1197 1641 quioniam
1222 1574 1302 1629 lromo
1325 1575 1388 1628 nibil
1410 1576 1472 1631 boni
1490 1576 1571 1634 babet
1585 1592 1601 1632 a
1618 1592 1658 1644 se,
1673 1579 1725 1634 sed
1742 1579 1768 1636 si

132 1646 178 1713 jus
192 1647 321 1702 medicina
335 1657 376 1702 εει
386 1648 456 1716 jugis
469 1648 651 1702 meditatio...
664 1647 740 1715 qnasi
754 1644 856 1700 diceret
865 1645 925 1699 aliis
977 1643 1076 1705 alicuid
1091 1643 1153 1698 bnoi
1165 1643 1254 1708 nabet,
1267 1661 1281 1698 a
1296 1643 1349 1701 Deo
1363 1646 1453 1700 tratres.
1472 1666 1481 1700 r

137 1717 240 1781 uerbis,
259 1717 317 1773 Noo
342 1720 377 1774 sit
398 1718 558 1781 obtinueris,
577 1720 720 1771 trimisium
743 1717 847 1771 seilicet
865 1730 925 1785 quie
1015 1712 1047 1766 ls't
1057 1715 1116 1767 item
1126 1715 1207 1769 dicit:
1219 1715 1370 1771 lrrtellesirti
1384 1717 1547 1788 cogitationes
1557 1715 1766 1791 musulanos}

135 1787 191 1857 iugi
206 1790 332 1843 memoria
354 1790 481 1844 mandme
494 1788 583 1852 debet,
600 1787 702 1842 tlriioris
720 1797 855 1858 perpetuae
869 1801 925 1855 pte·
942 1760 1004 1838 Bld
1023 1797 1064 1840 εει
1085 1794 1227 1855 antequam
1251 1786 1328 1852 liant;
1351 1802 1439 1858 neutro
1462 1789 1533 1844 enlm
1556 1789 1599 1844 bic
1618 1790 1767 1847 attenditur

136 1872 196 1922 torri,
219 1860 307 1926 gaudii
334 1859 451 1916 caelestis
474 1861 580 1931 patrias,
605 1858 705 1914 laboris
728 1862 868 1928 praesentis
887 1858 926 1912 ri·
978 1855 1178 1934 loci-distantia,
1196 1857 1242 1911 sed
1259 1859 1396 1925 temporis.
1435 1892 1439 1900 -

138 1941 182 1991 tae,
193 1939 247 1984 etc.
1013 1931 1047 1978 ιιι
1065 1927 1124 1995 puio
1143 1929 1261 1997 cogitatio
1285 1928 1397 1983 dominis
1416 1930 1577 1998 confitebitur
1596 1931 1666 2006 tibi]
1684 1933 1713 1988 ld
1725 1942 1766 1990 est

174 1998 206 2054 Et
227 2016 325 2071 temper
345 2002 378 2056 sit
396 2017 493 2055 memor
506 2000 618 2055 omniarn
631 2016 689 2071 puer
700 2001 818 2073 precipit
835 1999 913 2055 licata.
977 2008 1152 2068 cogitoscetur
1167 2013 1181 2052 a
1196 2009 1232 2053 te.
1248 1999 1313 2054 Nam
1327 2018 1337 2051 r
1353 2002 1414 2069 unia
1425 2002 1551 2084 cogitatio
1565 2015 1629 2059 nota
1643 2012 1687 2059 eet
1700 2004 1765 2072 Deo,

136 2069 250 2137 Memor,
259 2073 375 2139 lantiam.
387 2073 433 2127 sed
445 2073 630 2128 recordatione
640 2071 754 2133 elllcaci,
766 2087 826 2139 noae
838 2072 918 2127 timor
977 2066 1064 2136 inspuit
1078 2068 1253 2136 undernarius,
1266 2069 1321 2139 ipsa
1336 2071 1430 2126 notitia
1441 2072 1537 2128 dicitur
1548 2072 1604 2128 beo
1612 2075 1764 2133 condierit

138 2142 210 2197 lilioli
233 2145 338 2210 propria
358 2154 415 2208 est;
436 2158 497 2197 nam
516 2143 560 2210 ort
577 2143 666 2198 timent
685 2140 824 2197 Dominum
842 2152 927 2196 costo·
976 2138 1062 2205 Quam
1080 2141 1274 2207 expositionem
1293 2142 1414 2212 monitor
1436 2143 1515 2199 ileon.
1535 2145 1721 2210 cassinensis.
1738 2156 1767 2205 et

135 2212 344 2267 disnimandme
357 2213 438 2269 illies.
976 2210 1118 2265 condrmat
1133 2210 1220 2266 liuido
1238 2211 1384 2278 iureiialls,
1400 2215 1470 2268 bore
1488 2214 1585 2287 regola
1606 2227 1713 2272 tertiam
1730 2218 1766 2274 ita

175 2281 208 2336 tir
227 2284 337 2353 partirer
358 2293 542 2340 contemnentes
564 2285 647 2339 Desara
669 2284 697 2338 in
718 2283 858 2356 geltenstein
880 2299 927 2354 pro
977 2278 1077 2335 Gallice
1090 2281 1204 2336 reddens
1219 2300 1225 2337 :
1240 2280 1421 2354 dependeris
1435 2284 1590 2340 idumaeos
1606 2288 1767 2345 montrered

135 2357 247 2421 percotis
270 2353 411 2439 incidens]
426 2356 612 2412 contemnitur
634 2354 704 2412 Deus
724 2364 771 2410 aut
786 2357 812 2409 in
827 2368 868 2420 se,
881 2363 926 2410 aut
978 2351 1013 2404 tot'
1028 2361 1053 2406 et
1069 2361 1093 2405 ts
1106 2355 1161 2420 {ero
1179 2350 1321 2425 hommage,
1340 2369 1385 2407 car
1401 2355 1494 2410 elleos
1513 2366 1572 2422 peut
1591 2359 1648 2423 [air
1663 2368 1692 2413 te
1706 2375 1766 2415 corr·

137 2426 163 2477 in
177 2424 248 2480 stris:
262 2425 290 2480 in
304 2440 346 2487 se,
360 2441 423 2496 quta
438 2425 463 2482 ei
479 2441 528 2494 pro
542 2425 680 2482 berredciis
695 2425 781 2494 gratia
797 2440 849 2479 non
866 2425 928 2481 red·
977 2423 1120 2477 nulrsoacr.
1136 2422 1220 2479 dlircr
1237 2434 1326 2479 tamen
1340 2425 1522 2496 Smaragdos:
1537 2445 1548 2480 e
1563 2427 1703 2496 Cogitatio
1717 2429 1768 2485 bo·

135 2495 217 2560 ditur,
240 2495 301 2566 quia
319 2497 388 2552 sicut
410 2497 538 2552 borriinus
555 2512 608 2551 non
631 2497 750 2562 timetur,
770 2496 832 2566 qrria
857 2493 927 2551 sicut
978 2492 1067 2561 mitris,
1079 2491 1126 2561 ait,
1142 2504 1204 2549 trine
1220 2494 1275 2548 beo
1287 2498 1439 2562 cantitetur,
1454 2500 1560 2564 quando
1575 2510 1689 2567 peccata
1702 2516 1769 2569 prar-

137 2576 212 2631 pater
230 2581 283 2620 non
304 2577 419 2633 amatur,
443 2569 504 2637 quia
525 2568 595 2624 sient
617 2566 686 2623 bens
704 2575 732 2623 et
748 2567 860 2621 Creator
873 2582 925 2622 non
978 2565 1054 2617 torita
1075 2563 1167 2619 burnilr
1187 2565 1370 2622 satisfactione
1388 2567 1422 2621 ab
1442 2568 1490 2624 illo
1507 2568 1686 2634 damnantur:
1707 2572 1768 2641 naria

138 2637 277 2701 intimator,
300 2639 361 2707 quia
382 2639 501 2693 debitum
526 2639 665 2695 servitium
687 2653 741 2693 non
764 2636 927 2707 impenditur
977 2633 1041 2689 dom
1061 2640 1244 2705 unusquisqne
1265 2637 1353 2691 divina
1372 2637 1568 2695 illuminatione
1588 2643 1768 2710 presentem,

136 2707 199 2770 sibi,
216 2709 278 2777 quio
292 2719 385 2763 eontra
399 2711 486 2779 ipsam
503 2710 630 2764 coritinne
651 2718 791 2778 pcccatnr;
815 2710 841 2763 iri
856 2709 925 2776 siris,
977 2705 1066 2759 statim
1083 2704 1212 2760 molestiis
1229 2708 1344 2776 turpium
1359 2711 1547 2778 cogitationum
1567 2712 1706 2781 prrlsatur,
1722 2713 1771 2771 sed

137 2778 198 2842 cruia
215 2780 325 2837 praelato
341 2795 393 2834 non
408 2779 542 2844 obeditur,
555 2782 616 2850 quia
631 2781 718 2835 dirlt:
735 2779 785 2844 Osi
800 2793 843 2831 ros
854 2796 927 2844 sper·
976 2788 1023 2829 eis
1038 2775 1150 2830 linmlno
1162 2776 1283 2831 conlltcri
1300 2778 1435 2834 lromiliter
1448 2795 1500 2834 non
1514 2791 1634 2836 errator.
1650 2801 1662 2835 a

136 2848 186 2913 ait,
199 2864 239 2902 nse
251 2849 364 2920 operm
373 2859 401 2904 ει
411 2850 470 2905 aliis
481 2851 568 2906 modis
578 2851 683 2920 quando
695 2849 833 2905 charitatis
842 2862 924 2919 opere
1108 2846 1177 2900 Nona
1188 2857 1215 2900 ιιι
1227 2848 1352 2903 radicitus
1365 2851 1433 2904 circo
1449 2853 1616 2916 copiosiores
1630 2871 1696 2909 asos
1707 2870 1768 2928 per·

136 2917 384 2974 immisericorditer
398 2922 567 2985 omittuntur,
580 2922 666 2988 innuit
681 2921 761 2975 llern.
776 2919 853 2976 Cass.
976 2934 1069 2971 omres.
1099 2919 1132 2973 tlt
1146 2933 1241 2984 nempe
1254 2935 1306 2974 iron
1319 2933 1416 2975 creant
1427 2921 1453 2975 in
1466 2922 1705 2990 deliberationem,
1717 2928 1767 2982 sic·

175 2989 208 3043 Εἰ
221 2991 297 3043 citent
310 3000 432 3045 cinnum
447 3007 505 3061 pute
520 2992 663 3047 timentibus
684 2992 765 3046 Deum
781 3000 925 3060 praemetet
976 2990 1013 3042 oti
1027 2990 1063 3042 ait
1080 2988 1256 3043 lltldemarus.

135 3070 183 3120 est,
197 3059 263 3132 etc]
278 3061 315 3116 lie
329 3076 380 3131 qua
395 3062 536 3119 Psalmisla
551 3080 558 3115 ι
573 3063 656 3128 Quum
676 3078 770 3186 niagno
786 3063 924 3116 multitudo
1011 3058 1087 3112 Dicet
1100 3075 1198 3129 seraper
1209 3061 1279 3115 stilis
1288 3061 1404 3132 [soteria
1416 3063 1494 3117 sorde
1506 3062 1576 3137 σεε]
1592 3063 1673 3121 Utilis
1684 3067 1764 3124 trater

136 3131 279 3186 dulcedinis
292 3144 351 3197 tae,
365 3149 442 3204 quarn
455 3134 609 3189 abscondisti
623 3135 719 3188 timenti
737 3149 767 3186 aa
777 3133 817 3186 te!
938 3144 962 3208 c
977 3129 1124 3185 Tritlrcnrin
1140 3147 1150 3181 a
1164 3130 1210 3184 ille
1222 3139 1275 3196 est,
1290 3135 1334 3202 niti
1357 3133 1481 3190 onrntbus
1497 3137 1635 3204 prodesse,
1651 3147 1681 3191 et
1704 3139 1762 3195 nulll

172 3201 206 3254 lit
220 3202 361 3257 custodiens
377 3220 403 3257 se
417 3206 485 3258 omni
498 3202 563 3259 doro
577 3221 593 3258 e
609 3205 717 3274 puratis
729 3213 754 3259 et
767 3203 845 3266 uitiis,
859 3200 924 3275 etc]
976 3201 1111 3255 desiderat
1124 3202 1232 3270 obesse,
1247 3203 1293 3273 qni
1307 3203 1372 3258 trinit
1387 3205 1468 3272 sapit,
1484 3205 1534 3260 nisi
1549 3207 1621 3276 quod
1636 3208 1695 3263 lien
1710 3211 1760 3278 pls·

136 3271 263 3338 Quamvis
284 3284 416 3342 precatum
436 3283 464 3330 et
481 3275 570 3330 titium
586 3277 619 3330 ad
637 3275 709 3330 idem
723 3273 925 3346 signillcandom
977 3285 1040 3326 crre
1064 3273 1271 3342 inconsonans
1290 3283 1373 3329 wtam
1398 3289 1473 3343 spem
1488 3290 1563 3330 suam
1581 3277 1658 3344 ponit
1674 3279 1701 3333 in
1714 3282 1761 3333 llo·

136 3345 288 3413 prorniscue
313 3346 417 3399 soleant
441 3349 584 3415 usurpari,
612 3346 710 3416 aliquid
738 3357 826 3400 tanieo
856 3347 927 3399 inter
977 3341 1060 3406 mino,
1074 3344 1132 3397 sine
1145 3341 1220 3411 cuius
1232 3344 1333 3399 arixilio
1342 3361 1373 3400 se
1387 3346 1454 3400 nibil
1469 3362 1547 3416 posse
1563 3348 1655 3403 lacere
1668 3351 1762 3406 certis·

137 3423 283 3485 utrrimqoe
303 3415 465 3471 discriminis
483 3418 528 3484 otri
550 3418 652 3473 rectius
671 3418 815 3486 loooomur
829 3414 927 3471 afferre
975 3413 1186 3479 simecredi13r
1206 3424 1235 3467 et
1257 3414 1366 3470 nicom
1385 3417 1420 3471 de
1436 3416 1562 3472 Fractnra
1578 3436 1589 3470 r
1605 3435 1688 3486 quem
1709 3436 1761 3491 pn-

137 3496 245 3540 normrt.
261 3486 299 3541 lta
316 3496 453 3553 peccatum
468 3488 501 3542 ad
515 3488 579 3542 boni
593 3488 777 3551 omissionem,
789 3486 881 3541 sitium
891 3486 925 3541 ad
977 3484 1043 3537 niret
1059 3485 1093 3538 de
1112 3485 1319 3554 cogitationibus
1332 3487 1389 3541 suis
1404 3487 1541 3557 perversis
1562 3488 1664 3545 dicitur
1691 3493 1762 3549 utilis

135 3556 351 3612 romioissionem
366 3558 428 3612 mali
444 3558 563 3614 reieront
578 3557 757 3619 llildemarus,
774 3557 926 3612 Berinrdus
976 3552 1069 3608 irater.
1088 3576 1098 3606 t

133 3625 301 3682 Cassinensis
314 3641 340 3682 ει
354 3628 495 3687 Siberine.
507 3629 645 3685 llicetiarn
660 3630 732 3686 illam
743 3629 928 3684 interutrum-
1011 3624 1085 3679 lanc
1100 3641 1144 3681 ero
1165 3627 1343 3683 immaculutae
1355 3645 1443 3683 eorum
1456 3647 1485 3686 eo
1503 3629 1705 3688 aiobreresrerc
1725 3648 1762 3689 tate

133 3712 186 3765 oue
198 3698 375 3755 differendam
392 3698 511 3765 adducit,
524 3701 595 3770 quod
610 3709 665 3756 tam
683 3701 813 3756 omissum
826 3699 926 3753 bonnm
975 3697 1008 3749 el
1022 3697 1249 3770 iniquitantium]
1263 3696 1337 3755 Licet
1350 3700 1478 3769 iniqnitas
1498 3703 1578 3771 vulgo
1592 3718 1641 3769 pro
1658 3717 1763 3772 peccato

134 3783 214 3832 onam
234 3771 407 3825 commissum
423 3771 521 3826 malurn
539 3771 575 3826 ad
598 3781 735 3840 peceatum
760 3780 876 3839 spectet;
892 3769 926 3823 ad
977 3777 1107 3832 sarriatur,
1126 3767 1170 3823 laic
1184 3777 1273 3824 tannen
1297 3785 1345 3840 pro
1369 3773 1426 3825 sola
1438 3774 1603 3842 cogitatione
1619 3788 1702 3842 prara
1714 3775 1762 3831 de·

134 3839 227 3893 vitium
240 3855 304 3895 reru
318 3841 446 3911 peccandi
458 3843 609 3898 consuetud
621 3863 637 3896 i.
654 3842 766 3898 Bresius
781 3851 810 3896 ει
831 3839 926 3894 melius
977 3835 1043 3893 berc
1058 3839 1142 3906 accipi
1162 3849 1274 3895 censent
1289 3841 1451 3912 Smaragdos
1465 3853 1494 3898 et
1507 3843 1662 3900 bernardus
1675 3844 1763 3911 Cass„

134 3909 187 3964 dici
209 3920 318 3977 possent
336 3920 411 3968 aetus
430 3926 491 3968 esse
508 3923 628 3983 morata,
651 3913 757 3968 liabitas
775 3910 850 3968 rltia.
872 3910 926 3967 Sed
977 3907 1059 3977 idque
1074 3909 1210 3978 postrtlare
1224 3910 1331 3966 ridetur
1353 3926 1450 3968 senem
1464 3913 1608 3969 rerbornrn
1620 3915 1652 3968 S.
1669 3916 1700 3971 P.
1716 3920 1764 3970 lle·

133 3978 297 4051 Sinamgdus
312 3982 382 4037 loric
397 3983 485 4038 locum
497 3998 638 4053 exponens
653 3983 689 4038 ita
704 3984 806 4039 babet:
824 4000 834 4034 r
849 3979 927 4051 Quod
978 3979 1094 4046 aredicti;
1110 3995 1172 4036 nam
1187 3990 1216 4035 nt
1229 3981 1359 4037 sollicitus
1372 3983 1408 4038 sit
1424 3984 1496 4040 utilis
1510 3986 1593 4040 irater
1604 3985 1678 4038 circa
1694 3989 1764 4056 cogi·

135 4051 200 4105 dicit
213 4066 228 4105 a
244 4052 361 4121 peccatis
373 4054 509 4110 custodire
519 4069 549 4110 se
563 4055 636 4111 omiti
651 4056 725 4121 liora,
741 4051 928 4109 subauditure
978 4059 1093 4104 tritones
1107 4066 1213 4122 maras,
1236 4053 1292 4108 rolt
1305 4068 1367 4107 conr
1383 4068 1490 4121 semper
1502 4054 1594 4111 dicere
1610 4073 1617 4108 :
1635 4056 1709 4111 'done
1721 4074 1764 4113 era

134 4121 224 4188 pratis
251 4124 388 4192 operibus,
410 4139 471 4194 quae
495 4125 562 4179 dont
584 4125 756 4195 cogitatione,
781 4123 924 4189 locutione,
976 4121 1157 4178 inrnucrdmsr
1171 4138 1258 4176 coreis
1270 4138 1310 4184 ao,
1325 4123 1521 4183 aiciscroeoero
1535 4141 1576 4181 nee
1589 4130 1621 4179 ci
1632 4128 1765 4197 iniquitate

133 4201 160 4245 et
175 4207 289 4262 opere...
306 4194 381 4262 Quod
398 4209 462 4250 sero
475 4194 540 4250 dicit
553 4197 717 4252 custodires
734 4194 818 4262 vitiis,
828 4196 928 4251 sarlon-
976 4207 1045 4257 meo,
1062 4194 1136 4262 qrrosi
1150 4193 1263 4261 diceret,
1279 4193 1337 4249 inttr
1351 4194 1533 4267 Smaragdos:
1551 4214 1562 4251 s
1579 4198 1657 4252 Tsirrc
1672 4200 1766 4253 issima·

135 4261 236 4318 :litura
257 4275 360 4334 septem
383 4266 583 4338 principalibus,
604 4267 685 4339 2⁰6
709 4267 736 4323 id
759 4274 800 4322 εει
819 4281 840 4332 a¹
852 4266 925 4337 gula,
977 4265 1091 4317 curiatam
1106 4272 1199 4333 potero
1211 4265 1310 4321 ducere
1321 4266 1413 4333 risam,
1428 4269 1450 4321 si
1465 4281 1508 4323 me
1522 4283 1575 4322 nrin
1591 4270 1766 4325 maculaverit

133 4332 320 4401 fornicatione,
332 4337 456 4401 avaritia,
470 4339 520 4403 ira,
537 4338 654 4403 tristior,
670 4338 772 4405 acedia,
784 4352 852 4392 rana
865 4337 927 4406 glo·
977 4333 1104 4402 cegitatio
1115 4350 1213 4404 prara;
1229 4350 1317 4408 noque
1330 4339 1401 4394 enim
1417 4348 1507 4408 potest
1520 4338 1578 4394 sine
1598 4340 1708 4395 maoola
1728 4342 1766 4394 ri·

133 4404 183 4469 ria,
196 4413 223 4460 et
234 4408 370 4462 abactam
381 4421 474 4463 eornm
489 4409 616 4480 genitrice
628 4408 762 4478 superbia,
776 4419 803 4464 ει
818 4408 852 4463 ab
867 4424 925 4463 om·
978 4420 1050 4472 rore,
1063 4404 1140 4474 cujas
1154 4406 1242 4476 iniqua
1255 4408 1381 4476 eogitmio
1394 4408 1492 4491 polluit
1508 4421 1639 4475 mentera,
1655 4409 1705 4466 sed
1719 4412 1765 4468 illa

133 4474 211 4529 itibus
225 4491 332 4546 prorsus
347 4478 452 4533 illorum
466 4481 567 4534 sanciris
583 4480 752 4544 ramusculis,
767 4498 777 4532 r
792 4486 844 4534 etc.
938 4476 1164 4581 1›trstrtombeoe
1179 4476 1365 4533 immaculatus
1375 4481 1450 4547 sirit,
1466 4481 1513 4551 qui
1528 4493 1557 4535 se
1568 4479 1605 4537 ab
1625 4481 1767 4553 iniquitate

167 4545 222 4603 Sed
236 4558 260 4601 et
271 4548 397 4603 desideria
413 4550 497 4604 cornis
511 4561 645 4623 amputare
662 4547 786 4622 pertinen]
802 4551 879 4618 Quia,
897 4562 924 4608 ut
976 4561 1065 4618 prarac
1077 4548 1243 4617 cogitationis
1252 4550 1379 4605 custodit.
1394 4568 1405 4604 r

131 4616 168 4670 ait
182 4619 210 4673 S.
226 4618 285 4675 Odo
299 4620 369 4691 (til.
386 4637 405 4677 rt
418 4618 525 4684 Colles..
543 4639 569 4677 n.
583 4620 623 4693 6),
641 4640 651 4674 r
670 4621 830 4677 otnnlmodis
842 4637 925 4678 erse·
1016 4616 1179 4672 Voluntatem
1197 4635 1256 4674 nero
1281 4622 1413 4692 propriant
1428 4621 1564 4692 insincere
1586 4622 1765 4693 mattiones

130 4688 256 4745 arabilius
269 4692 422 4755 vintoniensi
437 4693 575 4761 religionis
589 4693 765 4762 prolessnres,
776 4691 883 4764 quibus,
897 4703 926 4749 ot
976 4705 1034 4742 eum
1049 4689 1112 4764 dicit
1126 4688 1265 4763 Scriptus
1279 4691 1374 4747 solit:
1390 4711 1401 4746 e
1421 4692 1453 4748 lt't
1475 4694 1676 4750 acolsntstibea
1694 4710 1766 4751 seen

131 4757 168 4810 nit
188 4762 341 4829 spostolus,
357 4762 461 4833 eloquia
486 4765 530 4818 liei
551 4763 653 4818 credita
677 4771 749 4829 sunt,
771 4764 926 4820 carnalibus
975 4771 1038 4814 tere.
1057 4759 1081 4832 r]
1094 4761 1171 4828 Quod
1184 4771 1238 4816 taur
1252 4762 1286 4818 de
1299 4763 1368 4818 bona
1382 4779 1461 4833 qoam
1474 4765 1508 4820 de
1522 4765 1592 4820 nrala
1613 4765 1766 4836 intelligent

130 4828 272 4885 desideriis
296 4835 438 4904 conigorit
462 4834 599 4891 ancillari:
624 4833 725 4890 relictis
749 4835 924 4902 scelestibus,
976 4831 1112 4887 voluntate
1129 4832 1298 4890 llildemarus
1311 4845 1339 4889 et
1354 4834 1505 4891 liernardus
1522 4835 1629 4891 Cassio.
1646 4835 1766 4893 erroris

131 4901 245 4956 terrenis
268 4903 386 4971 initiare3
408 4914 562 4976 corrtempto
586 4904 657 4973 beo,
681 4918 843 4961 oremmoriae
865 4918 925 4962 ser-
977 4902 1035 4971 ipsa
1061 4902 1131 4959 bona
1149 4905 1273 4959 roluirtas
1293 4917 1381 4961 cessm
1395 4921 1456 4963 esse
1470 4907 1552 4973 bona,
1565 4921 1629 4963 eum
1649 4905 1766 4964 eldcitur

130 4971 226 5025 vira.»
995 4973 1094 5042 ropria,
1117 4974 1222 5030 etiamsi
1244 4974 1313 5031 bona
1333 4985 1461 5046 appetere
1485 4978 1622 5044 rideatur3
1648 4979 1766 5035 undeet

164 5041 287 5099 AEsdmd
298 5061 325 5099 se
334 5046 531 5101 bonrodecorlis
544 5063 642 5119 seraper
655 5064 672 5103 u
686 5048 741 5104 Deo
752 5048 845 5118 respici
855 5049 926 5104 omui
1020 5047 1107 5101 orions
1127 5045 1174 5100 illa
1196 5049 1322 5115 reprobat
1333 5047 1447 5119 jejunia,
1470 5048 1498 5106 in
1519 5048 1619 5120 quibus
1633 5049 1767 5120 mmmm

130 5111 202 5168 dora.
220 5116 286 5187 ete]
303 5114 336 5171 llt
349 5116 467 5173 divinum
489 5118 567 5174 nobis
581 5120 692 5175 irretitiat
706 5121 841 5184 timorem,
854 5119 924 5175 diri·
975 5115 1100 5170 rolorrtas
1114 5127 1215 5174 trustra.

130 5199 191 5239 uam
208 5186 285 5242 nobis
299 5185 396 5242 incutit
407 5202 435 5244 ει
448 5189 521 5244 cirini
538 5189 602 5244 tiam
613 5201 641 5246 et
654 5191 681 5246 in
695 5191 767 5245 omni
783 5189 844 5244 loeo
857 5206 925 5254 pror·
1013 5185 1046 5241 Ει
1059 5188 1152 5243 iterent
1164 5205 1285 5259 repensor
1300 5188 1382 5246 deam
1406 5191 1434 5245 in
1447 5191 1573 5260 melione,
1595 5202 1625 5247 ast
1649 5192 1698 5263 fiet
1710 5193 1766 5266 ejas

128 5256 262 5325 aetitiam3
278 5258 339 5328 qnia
353 5259 433 5314 sideri
442 5260 489 5322 aie,
501 5267 524 5314 et
534 5277 552 5322 ¹o
565 5260 622 5325 toli,
633 5274 657 5315 et
667 5277 775 5334 sempe,
787 5267 837 5315 ctu
858 5261 865 5274 ‘
883 5277 923 5327 ue,
975 5259 1235 5333 reluctationem]
1247 5261 1472 5332 ldestiunnstra,
1486 5263 1571 5333 iniquit
1582 5262 1765 5319 llildeerarus.

128 5342 237 5450 w„
250 5340 333 5456 terrbm
347 5339 394 5455 εὸι,
406 5331 492 5457 ὶιίιιιὲιι
505 5333 655 5457 ιὲεειιεῖςιεε
668 5330 864 5457 (1ιιεῖίηεεε1ε.ά
884 5348 925 5457 τοι·
976 5327 1060 5454 delete
1072 5331 1183 5455 canullan
1194 5332 1270 5474 azlsll.
1283 5334 1547 5460 beggelieffimenffiffl
1558 5332 1588 5389 S·
1598 5333 1767 5474 william

175 5414 293 5456 ructor
313 5416 336 5456 ts
374 5416 404 5455 ro
434 5417 494 5456 iere
535 5418 639 5469 irenis,
663 5419 780 5458 amsans
803 5419 911 5457 corae
974 5416 1004 5454 se
1055 5417 1198 5456 orsiesius
1244 5421 1306 5458 mor.
1366 5421 1392 5458 m
1479 5421 1495 5457 o
1535 5419 1613 5459 seron
1640 5422 1673 5460 :a

127 5415 201 5523 seneli
226 5469 304 5527 Deera.
331 5471 380 5528 Ubi
406 5416 455 5543 ¹per
477 5474 558 5528 corda
573 5474 760 5543 cogitationes,
774 5488 825 5544 per
841 5488 922 5530 recres
975 5416 1176 5535 eurnqdicirnus,
1191 5472 1252 5529 Fiet
1264 5475 1383 5531 uolontas
1402 5420 1597 5542 temerantur
1611 5472 1766 5545 semperad

127 5543 319 5610 cogitationum
333 5546 423 5608 tiore,
439 5542 494 5597 siro
508 5544 610 5598 initium
624 5555 650 5600 et
664 5545 839 5599 intentionem
851 5544 923 5600 unde
975 5541 1042 5604 bei.
1059 5558 1112 5599 tion
1127 5544 1159 5598 ad
1182 5556 1299 5600 nosuam
1315 5548 1451 5617 respicere
1464 5547 1647 5613 volontatem,
1662 5547 1725 5615 unia
1738 5546 1766 5600 la

128 5608 193 5677 lpse
207 5617 385 5682 cogitationes
405 5616 528 5670 orirrntur
540 5616 650 5685 intelligi
663 5617 718 5669 stili
734 5616 923 5683 ilildemarus;
976 5621 1066 5669 nostra
1078 5616 1215 5672 uoluntate
1226 5616 1369 5680 alioooties
1378 5619 1513 5674 contraria
1524 5628 1588 5673 sunt
1598 5635 1606 5685 ;
1618 5617 1649 5674 ln
1662 5615 1765 5673 bomini

128 5681 176 5736 sed
194 5686 293 5738 rectius
308 5702 368 5741 cum
383 5686 541 5757 Sirraragdo,
557 5685 694 5742 licrnardo
707 5686 825 5752 cassin,
840 5687 924 5743 Bolse-
976 5685 1114 5742 voluntate
1128 5689 1180 5741 vita
1196 5698 1238 5744 est
1249 5703 1356 5759 semper
1370 5698 1396 5743 et
1412 5690 1527 5744 lionitrrs.
1546 5707 1557 5742 r

128 5753 169 5808 rio
190 5761 218 5812 et
235 5753 384 5817 intuendo
401 5770 451 5829 per
468 5757 551 5818 eorda
571 5760 758 5830 ciisttationes,
774 5773 822 5833 per
841 5773 923 5819 rencs
1012 5758 1137 5850 Sontrie
1150 5775 1207 5830 poc
1218 5761 1334 5818 ridentur
1347 5760 1492 5818 bominibus
1506 5770 1593 5830 rrrtc,
1607 5756 1677 5836 ete-l
1691 5757 1766 5819 dom
