3794 6120
127 285 176 343 987
617 281 782 341 bPPENle
801 281 846 338 Ab
864 280 977 337 OPERA
997 279 1026 336 S.
1047 280 1234 338 utneutctt.
1699 277 1753 337 986

130 394 275 453 monachos
288 396 413 465 ucriptsm
428 394 533 461 laudnt,
551 403 579 449 ιιι
593 405 620 450 et
632 395 711 451 alium
726 396 759 450 ud
773 395 904 463 virgines:
922 399 947 458 Α
994 391 1155 464 smaragdus
1174 408 1282 465 quoque
1296 397 1455 458 monnellus,
1471 399 1496 448 ln
1508 395 1704 449 commentario
1716 394 1750 450 sd

129 488 251 557 quamvis
263 488 319 554 ipse
332 501 377 541 eas
388 500 440 538 unu
458 484 611 553 distinguat,
627 485 674 538 sed
690 494 828 554 utramque
843 498 905 553 pro·
959 483 1088 554 Regulam
1102 484 1132 541 S.
1147 485 1294 551 Benedicti,
1308 486 1421 543 subinde
1431 502 1464 543 en
1478 487 1527 542 hnc
1538 485 1683 556 Cuiusdam
1696 484 1750 541 tu·

130 579 233 634 tuiscue
253 576 379 646 Regulam
397 575 539 639 Cuiusdam
562 577 686 644 appellet,
713 580 753 630 rel
777 576 904 643 ltenuium
962 576 1011 631 tris
1028 576 1129 647 [tegula
1144 579 1391 636 teetiutuuianliert.

129 665 271 736 Cuiusdam
286 666 382 731 Patris,
396 676 492 735 uturp.
509 667 536 736 8,
550 666 604 735 5¹1.
618 679 646 722 et
656 667 728 722 tlibi.

520 920 734 978 OBSERVthO
755 921 891 980 ctttthu
911 922 946 980 tit
964 923 1129 984 utconlu
1148 927 1363 996 suphenruit.

168 1038 218 1096 iub
232 1037 281 1093 hoc
291 1037 396 1092 obscuro
411 1038 483 1091 titulo
495 1036 622 1102 duplicem
637 1037 758 1091 habemas
771 1036 907 1106 liconiam,
961 1037 1030 1105 ipsus
1044 1040 1153 1105 usitata,
1165 1053 1242 1108 prout
1259 1057 1291 1096 ea
1306 1040 1411 1095 laudato
1427 1040 1516 1093 ordine
1530 1039 1671 1092 monastico
1685 1035 1750 1092 Cal·

130 1145 259 1200 unompro
269 1130 338 1193 uiris,
349 1131 456 1182 alteram
466 1143 513 1199 pru
523 1129 603 1181 sacris
616 1128 764 1198 uirpinihus,
775 1143 820 1180 nec
830 1128 909 1182 ullius
960 1129 1057 1181 rorensi
1072 1131 1175 1183 omnino
1191 1138 1268 1196 potet.
1288 1129 1409 1198 Adeoque
1426 1129 1518 1181 mirum
1532 1143 1582 1181 nan
1606 1137 1660 1192 est,
1680 1127 1750 1194 qaod

128 1230 257 1276 auctorem
267 1222 376 1286 scincus,·
391 1221 506 1291 puonrcis
518 1236 583 1273 unus
592 1220 706 1289 idemque
716 1229 848 1288 utramque
864 1219 909 1273 Ite·
963 1214 1116 1272 ilatramuut
1129 1217 1284 1273 Curbeiensis
1298 1218 1447 1284 monachus,
1464 1218 1556 1274 sucula
1569 1234 1638 1272 nouo
1657 1226 1749 1272 cantra

128 1312 213 1384 pulani
225 1314 362 1379 scripserit.
378 1309 411 1364 Et
425 1312 538 1377 qudem,
551 1310 598 1363 sub
611 1309 660 1364 hac
673 1319 750 1364 atram
766 1312 861 1365 incerto
874 1312 909 1364 ti·
962 1305 1064 1363 droco·
1082 1313 1207 1377 scribens,
1229 1321 1377 1378 perpetuum
1401 1308 1536 1366 Scotorum
1560 1307 1749 1362 monachorum

128 1408 192 1471 tulo,
206 1405 237 1461 S.
251 1404 400 1459 Benedictus
408 1404 522 1456 Arrianus
532 1403 558 1456 in
572 1419 618 1455 rau
630 1401 786 1472 deputarem
799 1400 909 1456 Concor·
958 1400 1087 1469 ieiunium
1101 1415 1295 1467 commemoret,·
1307 1418 1366 1456 oum
1378 1401 1409 1458 S.
1418 1401 1625 1457 columbanuaitt
1636 1416 1687 1453 sua
1697 1398 1748 1454 tt·-

128 1498 187 1562 dia,
211 1506 286 1561 utque
304 1496 462 1566 Soraropdus
480 1495 546 1547 hanc
575 1491 701 1564 Repulam
719 1494 812 1558 supine
831 1494 909 1547 citare
962 1491 1033 1561 prtia,
1045 1509 1103 1563 cop.
1110 1493 1137 1556 ὅ,
1147 1496 1295 1564 precipiat:
1307 1495 1423 1551 Utciime
1430 1494 1529 1550 sitniiie
1538 1503 1566 1550 et
1576 1493 1747 1563 respectione

128 1588 224 1652 eolmt;
240 1596 314 1655 prout
326 1587 367 1640 hic
385 1586 481 1638 rtotuuit
501 1584 659 1639 iiotsteniur.
682 1584 802 1656 drpcrr'or
824 1598 909 1640 aurant
962 1584 1201 1640 rnortnchorum....
1216 1586 1285 1656 Ergo
1296 1585 1414 1654 quotidie
1423 1584 1594 1655 jejunandum
1607 1594 1660 1649 est,
1675 1583 1747 1638 siem

129 1682 231 1747 cottonis
245 1680 300 1735 hoe
313 1679 401 1748 cronia
413 1677 447 1731 hd
456 1676 721 1746 copitaromplrctcna,
735 1678 871 1744 praesertim
883 1678 908 1730 in
962 1673 1079 1741 qnotidie
1093 1676 1222 1730 orandum
1237 1684 1288 1732 est.
1304 1674 1367 1731 Curn
1382 1677 1460 1746 iqitur
1479 1684 1576 1729 certum
1586 1675 1630 1739 sit,
1644 1674 1674 1727 its
1689 1688 1747 1727 aa·

129 1771 265 1826 toranuchos
283 1771 453 1825 inobedientes
474 1770 513 1824 nel
531 1780 731 1832 murmurantes:
754 1769 806 1822 into
821 1785 910 1840 perpe·
961 1764 1035 1818 nibus
1054 1764 1189 1820 Scotorum
1207 1767 1389 1822 mutulorum
1414 1765 1532 1821 cenobiis
1558 1763 1746 1835 ript'diasim

129 1879 199 1919 tuum
208 1864 331 1931 ieiunium
342 1862 523 1932 precipiendo,
532 1865 764 1928 ultaquepracepru
774 1861 911 1914 durissima
960 1859 1059 1913 sinendi
1067 1876 1182 1914 normam
1194 1861 1254 1915 olim
1268 1859 1394 1914 eacultam
1404 1859 1618 1929 luisse;sicbanc
1632 1871 1746 1927 prm

129 1957 190 2027 filiis
211 1956 264 2011 suis
279 1955 443 2020 imponendo.
468 1952 538 2005 iiiuc
556 1968 622 2020 rupe
644 1951 766 2005 laudatus
781 1949 911 2004 Colmetus
960 1961 1009 2005 tem
1029 1951 1154 2022 Repulant
1176 1953 1208 2008 S.
1231 1952 1376 2019 Columba,
1396 1952 1578 2006 monachorum
1605 1948 1746 2005 Scatnruas

130 2049 256 2102 existimat
271 2047 343 2099 illum
354 2062 370 2098 a
381 2044 512 2098 monachis
523 2043 608 2099 Scotis
619 2044 679 2096 olins
699 2045 829 2104 irritatum,
844 2061 911 2115 prce·
962 2043 1124 2112 patriarcba,
1139 2045 1300 2109 ascriberem,
1316 2045 1359 2113 oui
1369 2061 1435 2099 unus
1444 2052 1468 2098 et
1480 2044 1569 2096 unicus
1582 2042 1651 2096 iuter
1660 2043 1746 2110 plures

129 2139 217 2198 sertim
234 2137 260 2191 in
274 2136 422 2190 otonotterio
438 2134 470 2188 de
489 2134 619 2198 Beuehor,
636 2135 679 2188 uhi
693 2133 724 2189 S.
740 2133 913 2189 Colunrbanus
961 2136 1019 2191 nitoe
1038 2138 1183 2192 monastico
1203 2138 1363 2208 lepisiatores
1385 2135 1588 2190 archimandrita
1615 2132 1745 2203 appelleri

129 2229 250 2285 educatus
263 2240 331 2292 erot,·
345 2243 402 2282 cum
416 2228 445 2284 S.
459 2227 503 2282 ille
521 2227 597 2281 abbas
615 2227 728 2280 eamdem
747 2226 825 2280 dt'usui
838 2226 912 2296 officii
961 2237 1057 2298 potest,·
1070 2239 1096 2282 ιιι
1106 2238 1272 2298 potecentum
1282 2228 1492 2282 utauasteriortrm
1501 2225 1629 2291 conditor,
1644 2232 1669 2278 et
1682 2240 1747 2276 cun·

129 2323 330 2377 distributionem
338 2322 467 2376 morrachis
478 2322 530 2374 ruis
544 2320 740 2375 incedentibus
753 2320 909 2391 preteribat.
961 2329 1008 2372 cta
1030 2319 1173 2387 disciplinae
1189 2320 1335 2374 monastico
1352 2335 1397 2387 per
1420 2318 1569 2372 hodiernam
1588 2316 1704 2372 scotiam
1722 2322 1750 2368 ιι

130 2411 165 2465 lit
173 2413 273 2472 cuidem
285 2413 352 2466 hanc
364 2411 486 2480 liconiam
496 2429 543 2483 pro
552 2412 635 2469 Scotis
647 2415 777 2468 monachis
789 2416 911 2484 scriptam
961 2409 1121 2471 Hiberniam.
1137 2413 1158 2466 si
1176 2427 1228 2466 non
1242 2420 1340 2476 auctor,
1355 2410 1446 2463 saltem
1457 2416 1598 2478 teporatur.
1611 2404 1668 2461 iste
1679 2408 1747 2460 enias

128 2506 306 2574 uptrosciurur:
318 2502 409 2557 ib'dent
428 2505 495 2558 enim
518 2505 601 2575 cipido
617 2503 752 2559 Scotorum
774 2505 910 2574 disciplina
961 2513 997 2556 est
1017 2504 1219 2557 archimandrita
1238 2501 1282 2557 ille
1304 2503 1336 2556 dc
1349 2518 1399 2573 quo
1413 2500 1444 2558 S.
1464 2500 1636 2555 Galanthanus
1658 2499 1746 2566 caui

128 2594 280 2656 ruminetur,
295 2609 351 2662 quta
365 2595 479 2648 omnibus
493 2597 623 2649 hodierum
634 2596 728 2651 Sentice
744 2607 768 2651 ct
781 2596 912 2653 Hiberniae
962 2592 1068 2664 Repuloe
1090 2595 1143 2648 ait:
1159 2594 1215 2650 Sub
1233 2609 1287 2648 unu
1308 2592 1512 2648 archimandrita
1536 2589 1609 2645 mille
1632 2589 1745 2644 nunaut

128 2682 244 2737 coenobiis
257 2684 396 2738 corttmuuis
407 2693 472 2750 erat,
492 2686 605 2756 adeoque
619 2703 668 2740 nnn
682 2689 757 2742 unico
783 2690 909 2760 specialia.
962 2703 1031 2750 esse.
1046 2689 1135 2756 quibus
1150 2689 1322 2742 duodenarius
1336 2688 1491 2754 psalmorum
1509 2699 1633 2738 nummus
1647 2693 1745 2750 auster·

130 2773 251 2844 Quisquis
263 2778 329 2827 enin
339 2777 453 2829 ordinem
466 2780 632 2831 monasticum
644 2785 671 2834 ia
685 2783 838 2835 monasteria
850 2779 912 2836 Cul-
961 2779 1001 2832 nis
1013 2779 1104 2847 uioiliis
1114 2779 1391 2833 nocturniscommuuis
1404 2786 1466 2831 erat.
1482 2776 1536 2830 Nec
1547 2776 1575 2828 in
1586 2775 1692 2831 dubiam
1706 2788 1747 2826 aa

128 2866 224 2918 rorensi
240 2864 303 2918 olim
318 2866 440 2919 usitatum
451 2869 499 2921 rite
512 2871 635 2934 attendat,
648 2882 707 2924 tnnc
718 2872 824 2927 inueniet
837 2874 911 2942 lonpe
961 2870 1015 2922 cori
1035 2877 1115 2939 potest
1127 2869 1186 2941 quin
1204 2869 1269 2923 inter
1287 2877 1322 2921 tot
1342 2866 1493 2922 Coluntbina
1511 2866 1665 2919 nrouasteria
1677 2863 1748 2933 apud

128 2964 186 3008 ante
201 2955 232 3011 S.
247 2953 371 3027 Corrapelli
392 2967 416 3010 et
432 2957 462 3012 S.
474 2957 624 3013 columboni
640 2972 753 3033 tempora
767 2964 833 3017 hanc
845 2966 911 3032 ripi-
961 2962 1067 3018 horrida
1080 2967 1200 3019 montium
1207 2965 1274 3034 iupa
1288 2963 1433 3036 plerumque
1445 2963 1505 3027 sita,
1518 2960 1637 3030 qaudam
1647 2960 1674 3013 in
1683 2960 1748 3012 adea

128 3048 188 3098 dam
202 3046 363 3115 disciplinam
379 3047 450 3118 apud
469 3047 559 3104 Scotos
578 3054 714 3105 monachos
728 3055 845 3126 oipuisse.
866 3055 911 3109 Sic
962 3058 1090 3112 sterilibus
1106 3057 1169 3112 loric
1188 3067 1268 3111 crecta
1281 3057 1345 3119 sint,
1361 3064 1388 3109 ut
1401 3055 1443 3109 uin
1459 3069 1543 3125 prauo
1561 3053 1682 3122 {rancenti
1701 3067 1748 3119 pra

128 3136 448 3209 ‘3i51“S·K⁶t¹¹bdtf¹2¹'t
473 3139 533 3192 aliur
554 3141 671 3195 mottnchi
697 3141 871 3209 Culroseusis,
887 3156 910 3199 et
963 3150 1084 3206 alimento
1102 3150 1254 3220 rupicerent,
1274 3156 1298 3202 et
1311 3148 1346 3203 sir
1368 3147 1537 3215 prontiscuunt
1560 3144 1748 3198 lacticiniorum

129 3238 215 3295 poetro
226 3229 251 3281 in
267 3227 354 3283 Scotia
374 3229 486 3300 episcopi
509 3227 674 3302 Glospueusis
689 3234 819 3300 diminuat,
836 3235 910 3289 illum
966 3258 1040 3297 otum
1061 3243 1194 3295 adonium
1209 3241 1295 3295 deluit
1316 3239 1428 3310 Reputo,
1443 3238 1653 3305 quemadmodum
1666 3246 1690 3289 et
1702 3252 1749 3301 prs

129 3320 259 3373 nutriuisse
268 3319 320 3376 ihi)
334 3321 471 3379 monachor
481 3324 536 3378 solo
549 3341 614 3392 pone
624 3335 647 3380 at
661 3342 738 3397 apua,
754 3345 800 3382 nec
810 3330 909 3384 lactici-
965 3343 1025 3401 potu
1037 3333 1168 3387 ordinario
1181 3333 1297 3401 incooua
1311 3332 1433 3392 mictum,
1444 3339 1519 3401 prout
1537 3344 1596 3399 cap.
1611 3327 1648 3383 22
1659 3343 1748 3380 conce·

129 3411 172 3463 triu
183 3409 337 3478 adhibuisse,
351 3412 400 3466 nisi
413 3413 502 3468 diebue
516 3416 651 3472 dominicis
662 3426 686 3471 et
695 3419 799 3489 inticis.
814 3420 910 3476 Deinde
964 3424 1044 3488 ditur,
1052 3433 1075 3478 et
1084 3424 1221 3478 etiamnum
1231 3424 1305 3477 hodia
1315 3422 1342 3476 in
1348 3421 1474 3476 eterilibua
1482 3421 1613 3475 iradiernae
1621 3430 1747 3475 montana

129 3500 205 3572 dupli
218 3505 329 3558 barcalet
342 3504 370 3558 iu
382 3503 586 3575 Lindislarncnti
603 3510 714 3565 curialia
729 3528 745 3564 a
760 3511 909 3568 Scotismo·
965 3514 1060 3570 Scatioe
1072 3513 1214 3586 cepionibtts
1226 3514 1392 3584 practicatur.
1412 3514 1529 3582 Adeoque
1541 3511 1643 3566 euirati
1660 3510 1747 3577 praei·

129 3592 217 3645 nachis
236 3591 379 3649 Christiana
391 3596 508 3668 deputate
517 3608 543 3652 et
556 3602 696 3655 ntouurticn
709 3601 760 3655 uita
773 3602 909 3668 instructi,
963 3621 1030 3658 ntum
1047 3614 1095 3668 est,
1108 3606 1177 3675 quod
1191 3605 1265 3675 hujus
1286 3602 1391 3672 Reputo
1404 3612 1494 3655 auctor
1513 3601 1640 3656 restiterit
1654 3599 1686 3656 S.
1700 3598 1746 3655 eo·

129 3680 159 3733 ab
169 3696 212 3734 esu
221 3685 335 3737 curulum
345 3697 368 3740 et
379 3687 429 3740 uini
437 3704 467 3741 uc
476 3689 600 3744 cerenis'oe
610 3701 670 3755 potu
680 3693 911 3758 obstruebatur-tto
964 3698 1059 3760 lumbo,
1075 3698 1152 3751 obbas
1169 3695 1282 3764 liuensis
1294 3694 1409 3758 canubii,
1419 3704 1443 3748 et
1459 3693 1642 3748 monachorum
1655 3692 1746 3749 Senta-

129 3771 193 3826 lnete
208 3791 275 3847 aqua
293 3777 373 3832 mista
386 3781 514 3844 contenti,
535 3781 614 3835 detrec
626 3781 756 3855 Ceolutlos
775 3801 820 3839 ren
839 3754 911 3839 ttri-
962 3803 1018 3840 runt
1029 3802 1102 3842 uerus
1111 3784 1287 3858 patriarchact
1297 3785 1602 3853 archimandritarum
1612 3800 1667 3839 ura.
1677 3783 1746 3840 atos

129 3871 273 3935 thantirire,
293 3869 386 3926 ibidem
401 3872 483 3942 luctui
505 3877 658 3941 nuntrochus,
673 3879 725 3930 suia
740 3874 911 3946 confr'utribus
962 3878 989 3932 in
1004 3895 1051 3933 rua
1074 3879 1190 3936 ttttrotto
1204 3877 1372 3931 ecclesiastica
1391 3874 1489 3942 scribit,
1505 3874 1637 3945 multaque
1652 3877 1679 3929 irr
1692 3878 1746 3946 ejas

130 3963 287 4016 moderatum
299 3964 350 4017 uini
357 3973 381 4017 et
394 3967 519 4020 cereuisite
532 3983 605 4020 usum
618 3970 771 4033 procurarit.
784 3969 843 4024 Puri
856 3987 911 4024 ma·
964 3971 1195 4042 discipulorumque
1210 3969 1298 4023 laudes
1310 3968 1417 4039 profert.

130 4052 163 4106 do
182 4053 374 4109 discurrendum
388 4067 424 4112 ert
441 4058 473 4112 dc
490 4070 612 4129 perpetuo
622 4061 722 4133 jejunia
735 4064 825 4130 ubique
838 4067 910 4132 opud

160 4187 1747 4219 ΝΜ

349 4298 666 4427 REGULA
741 4300 1152 4432 CUJUSDAM
1216 4297 1520 4428 PATRIS.

150 4613 182 4656 tn
209 4611 330 4657 nonnus
355 4609 481 4680 nunnus,
508 4609 548 4653 nn
565 4609 659 4666 nunti,
685 4612 726 4655 nn
752 4611 894 4657 annutans
925 4594 952 4655 Ι)
999 4593 1032 4650 ΙΙ.
1048 4593 1167 4650 Primum
1181 4592 1301 4647 omnium
1317 4590 1387 4646 neue
1403 4587 1537 4644 timendus
1551 4597 1580 4644 et
1601 4587 1747 4688 diligendus

459 4709 581 4754 sanent.
966 4701 1008 4749 est
1019 4708 1052 4749 ex
1061 4694 1124 4749 totis
1136 4693 1235 4748 ritihus
1249 4690 1324 4762 (bue.
1339 4690 1369 4761 ι)
1383 4708 1390 4743 :
1402 4698 1430 4745 et
1441 4691 1576 4760 proximus
1589 4705 1748 4760 magnopere

167 4817 186 4874 Ι.
198 4817 294 4870 iurent
308 4814 392 4870 lectur
403 4813 506 4879 bouus,
522 4828 556 4868 ne
576 4827 625 4868 suu
639 4814 727 4868 nousut
746 4815 914 4883 obtemperet
965 4794 1114 4867 ‘finiendis
1129 4804 1183 4861 0⁸²·
1199 4793 1344 4852 mundum
1361 4793 1513 4849 ¹⁰³⁰d²¹¹¹¹¹¹
1528 4792 1642 4848 omnini-

131 4912 292 4981 Sortputot,
306 4907 352 4962 sed
363 4906 507 4975 scripturis
516 4907 614 4963 nunctis
625 4906 792 4978 obtemperet
805 4923 912 4964 nettaum
1001 4895 1045 4952 lii.
1061 4896 1161 4952 Deinde
1175 4898 1258 4952 uirtus
1270 4897 1430 4952 obetiientite
1442 4897 1590 4966 expetenda
1601 4906 1654 4960 est,
1671 4906 1698 4952 et
1709 4911 1748 4951 ae-

131 4999 304 5056 nutrimentis
318 4998 449 5066 passionis
461 5011 567 5053 etruscus
577 5008 629 5062 est,
642 4997 689 5053 sed
702 5014 795 5055 unttrea
807 4989 914 5055 dotum
968 4998 1084 5054 eundum
1107 4999 1178 5054 vireo
1192 5001 1400 5070 uniuscnjusque
1417 4999 1564 5061 exerenda
1585 5008 1628 5055 est
1650 5017 1657 5051 ε
1678 5010 1705 5055 et
1717 4999 1749 5053 nd

132 5094 238 5162 punitus
252 5101 337 5145 curat.
350 5088 424 5145 Catia
435 5092 565 5160 passionis
578 5105 685 5147 amarus
699 5102 750 5158 est,
762 5093 809 5148 sed
826 5104 913 5150 tamnu
968 5090 1082 5160 primum
1105 5089 1216 5145 verbum
1237 5090 1351 5145 senioris
1365 5105 1475 5154 omnes,
1496 5090 1542 5159 uui
1562 5089 1698 5145 audierint
1718 5104 1764 5143 er·

133 5185 204 5252 prim
215 5182 416 5245 bibitmedieus,
429 5196 462 5236 ue
474 5181 564 5237 bibere
573 5181 674 5237 douttu
687 5192 813 5252 agnotus.
831 5186 915 5254 Opor-
969 5183 1107 5250 iratribus,
1124 5196 1263 5252 assrtrgere
1279 5192 1385 5254 oportet
1398 5200 1407 5236 t
1421 5185 1506 5252 etqui
1523 5197 1575 5236 non
1593 5183 1747 5246 surrexerit,

133 5284 169 5330 tet
185 5288 299 5345 nomque
312 5271 385 5327 iilum
399 5272 442 5341 qui
458 5271 568 5327 alterius
579 5273 691 5328 uulnera
711 5274 812 5328 mederi
831 5277 914 5345 eupit,
969 5275 1071 5330 renium
1090 5285 1172 5344 petat,
1185 5284 1211 5328 et
1227 5274 1374 5343 pteuitent,
1390 5288 1517 5343 ornatuum
1532 5273 1691 5342 inclinaverit
1707 5290 1749 5329 se·

131 5370 166 5421 ab
183 5366 255 5420 numi
272 5365 406 5435 languoris
421 5364 514 5419 morbo
536 5364 653 5420 alienum
668 5382 816 5434 sanumque
830 5369 917 5423 strini-
969 5369 1045 5431 trion
1060 5374 1087 5421 et
1101 5367 1207 5436 iutpleut
1223 5365 1293 5436 qttot
1307 5366 1401 5434 justus
1415 5375 1466 5430 est,
1483 5366 1544 5421 licet
1555 5366 1652 5420 durum
1665 5367 1749 5421 rides·

132 5467 213 5513 stere.
229 5455 306 5510 Nullo
325 5455 376 5510 elio
400 5455 464 5509 ritin
483 5454 605 5510 diuiroins
629 5459 792 5512 nruunchnm
819 5459 916 5528 pendit,
971 5467 1023 5511 tur.
1046 5456 1204 5511 ouottetuto
1219 5472 1302 5525 rusque
1315 5457 1346 5509 ud
1366 5466 1476 5510 mortem
1498 5457 1617 5511 torrenda
1631 5468 1692 5521 eut,
1711 5473 1750 5508 ue·

132 5563 165 5602 sn
180 5548 260 5602 trahit
277 5548 309 5604 ud
324 5560 452 5612 mortem,
473 5563 550 5616 qurum
565 5563 625 5602 curu
645 5565 706 5605 euru
727 5551 858 5622 neglectis
871 5567 916 5602 ue·
974 5548 1092 5602 curidum
1107 5547 1259 5614 exemplum
1280 5545 1401 5612 botuuini,
1417 5546 1565 5600 obedientis
1580 5547 1651 5600 i’atri
1673 5561 1752 5614 trstpte

134 5653 238 5695 uturum
252 5639 370 5694 consitiis
381 5653 429 5696 suo
440 5636 541 5708 jndicio
555 5638 760 5712 deierrsinnique
770 5656 916 5712 corripere·
970 5641 1004 5697 nd
1020 5650 1132 5696 utonem
1144 5639 1226 5711 (Phil.
1244 5639 1285 5709 u).
1300 5641 1330 5693 Et
1342 5653 1555 5708 unumquemque
1569 5649 1674 5707 oportet
1683 5639 1751 5692 trunci

133 5728 169 5786 tit
183 5726 326 5784 corridere.
970 5749 1019 5792 ιιιο
1038 5730 1164 5802 seruire,
1187 5731 1258 5789 sicut
1280 5730 1369 5790 abboli
1392 5729 1497 5802 proprio
1517 5729 1559 5786 rut
1581 5731 1651 5801 petri
1666 5749 1673 5785 ι
1689 5729 1755 5788 situ
