3794 6120
123 306 173 366 att

795 297 823 353 S.
842 297 870 350 P.
893 292 1073 348 nituebldtl

1699 285 1750 343 820

121 415 392 482 uaolsaleu13seilper
407 411 547 467 triennium
564 419 658 471 lotum,
675 410 729 462 sive
744 408 820 461 liberi
835 407 902 459 forte
917 409 942 464 Δ
956 402 1052 470 (Epist.
1069 402 1130 470 151)
1148 420 1153 453 ;
1181 420 1189 452 s
1209 401 1374 470 Quandoque
1395 416 1420 454 sn
1445 400 1555 456 arbitrio
1579 398 1625 453 t‘nit
1651 401 1748 469 jsrgusss

121 491 187 555 siut,
202 489 258 541 sire
272 487 340 539 servi
356 483 479 544 tolerare,
496 482 612 534 ttltlttlttnt
635 481 809 533 monasticum
830 475 904 528 liabi-

122 569 178 613 tusn
205 563 399 625 promerentes,
419 553 466 607 sed
488 564 595 604 tonsura
621 559 648 602 et
667 560 740 602 reste
755 561 848 601 eor-ism
861 544 906 610 uui

123 628 185 685 laici
209 634 335 681 roeautur
360 625 408 689 uti,
434 630 462 677 et
486 636 603 677 nsanere.
623 638 632 672 s
662 619 695 672 tn
722 621 800 686 paulo
823 622 906 682 post:

127 700 212 753 «Cisra
226 696 340 750 triersulo
356 704 411 746 tutu
426 693 450 746 iu
465 708 495 746 ea
511 692 562 744 rita
577 690 778 758 permanserint,
793 686 908 754 optimos

124 778 283 834 semetipsos
306 773 334 818 et
356 764 508 817 tolerabiles
528 763 587 814 aliis
611 759 746 813 monacbis
760 766 787 813 et
802 755 908 822 praesuli

124 841 349 896 demonstrantes,
365 834 413 886 lios
430 830 574 899 promoueri
594 839 694 883 restem
716 836 796 894 atqise
819 835 910 880 toroso-

126 924 193 961 raso.
214 925 223 957 s
250 904 320 958 ldem
344 916 431 957 tanseu
453 908 595 969 imperator
611 901 672 952 alibi
696 899 732 952 ila
748 898 827 950 lsalset
841 893 909 961 (No-

125 977 184 1031 asll.
200 975 285 1042 libi:
312 974 442 1036 «Siquis
465 973 497 1025 ad
522 970 695 1024 monasticam
716 967 808 1021 restire
830 967 909 1018 sitam

127 1045 252 1106 voluerit,
270 1043 391 1110 iubemus
406 1055 433 1095 ιιι
455 1041 585 1110 siquidem
604 1040 638 1094 de
652 1054 684 1092 eo
708 1045 824 1099 constet,
839 1034 909 1103 qssod

126 1117 193 1171 nulli
208 1115 298 1168 servili
320 1113 465 1168 conditioni
490 1111 621 1166 olsuosius
644 1110 688 1171 sit,
709 1108 802 1175 praesul
820 1119 912 1158 mona·

127 1186 201 1241 alerii
214 1185 332 1239 liabitum
346 1184 384 1236 illi
398 1181 504 1250 quaudo
518 1181 567 1234 sibi
582 1182 666 1233 visuro
682 1177 760 1232 bresit
771 1174 909 1229 adhibeat:

127 1255 197 1310 slde
217 1270 249 1307 eo
271 1269 323 1308 ιιοιι
346 1261 460 1315 constet,
483 1251 588 1305 cuinam
612 1247 756 1303 conditioni
782 1245 912 1300 obnoxius

128 1325 184 1389 sit,
212 1325 280 1380 iutra
301 1333 356 1377 tres
376 1335 461 1376 sonos
480 1320 597 1375 babitans
618 1321 640 1372 is
665 1316 839 1372 monasticum
859 1329 911 1367 uuo

129 1404 262 1458 assumat;
289 1394 335 1446 sed
358 1392 425 1447 iutra
451 1391 604 1460 praedictum
628 1398 735 1457 tempus
759 1384 912 1441 monasterii

129 1464 227 1531 praesul
249 1463 395 1530 perieulum
419 1461 509 1524 facito,
524 1460 546 1514 si
568 1459 661 1527 peslero
685 1457 786 1513 referre
809 1455 910 1509 velit.»

129 1534 161 1589 ln
173 1533 293 1589 crsoeiliis
307 1533 388 1587 etiam
397 1529 696 1597 constantinopolitanis
710 1543 718 1581 ι
733 1535 760 1582 et
773 1543 802 1589 ιι,
816 1541 875 1579 orn.
885 1523 913 1588 5,

130 1603 292 1665 decernitur,
313 1620 322 1653 ι
341 1611 369 1656 ut
384 1616 462 1656 nemo
483 1600 605 1654 monachi
622 1599 713 1652 babitu
726 1597 821 1665 dssgous
844 1606 915 1663 puto·

131 1683 185 1734 tur,
202 1673 354 1742 priusquam
371 1671 478 1727 trieuuii
496 1679 602 1738 ternpus
620 1671 660 1724 eis
674 1668 707 1722 ad
722 1667 913 1735 experientiam

130 1743 252 1799 relictum
271 1757 317 1798 eos
332 1743 457 1810 probatos
470 1750 497 1795 et
511 1740 605 1809 diguus
623 1752 683 1794 esse
700 1736 744 1792 tali
760 1746 811 1790 rua
826 1744 916 1790 osteo·

134 1813 183 1868 dit.
203 1832 212 1865 s
229 1813 357 1868 Similiter
373 1814 398 1865 iu
412 1811 527 1866 curseilio
542 1807 727 1865 aurelianensi
751 1821 778 1871 v,
795 1821 856 1862 cau.
871 1806 916 1870 ltl,

132 1881 377 1946 sanctimonialibus
388 1897 448 1950 uuas
459 1896 510 1935 ison
523 1890 649 1948 perpetuo
663 1886 783 1934 tenentur
794 1876 915 1941 inclusae,

134 1952 300 2020 probitiouis
330 1952 473 2007 trienninm
503 1961 565 2004 ante
590 1949 695 2003 babitus
719 1949 915 2016 susceptionem

132 2020 296 2078 deeerrsitus.
320 2021 391 2076 ldem
404 2020 539 2076 obseruari
554 2019 637 2074 voluit
654 2018 684 2073 S.
696 2017 841 2086 Gregorius
855 2029 918 2084 erga

133 2092 233 2148 milites
266 2106 313 2146 nos
328 2093 477 2146 monastico
489 2089 580 2144 babilo
594 2089 668 2144 indui
682 2089 765 2143 retssit
783 2085 851 2157 (1.11.
868 2101 916 2152 ru,

133 2163 209 2234 epist.
225 2107 280 2228 ld,
307 2180 317 2215 s
334 2163 384 2216 uisi
399 2175 491 2216 eorum
507 2161 560 2214 rita
581 2160 714 2215 subtiliter
734 2157 816 2213 fuerit
833 2156 919 2224 looni-

134 2235 200 2298 sits;
222 2243 248 2287 et
260 2233 338 2303 justa
353 2245 473 2286 normam
488 2229 650 2300 regularem,
667 2228 763 2298 iuquit,
779 2227 878 2282 debent
892 2227 918 2279 in

134 2316 185 2359 soo
200 2301 289 2358 lrabito
305 2317 351 2369 per
373 2300 517 2358 triennium
534 2301 651 2368 probari,
666 2309 693 2355 et
708 2308 769 2351 tuuc
783 2296 919 2351 monacbi-

960 473 1062 527 bossunt
1079 488 1130 526 uou
1148 473 1276 539 recipere,
1291 472 1374 526 scnsel
1389 480 1477 525 aotesu
1492 478 1631 537 acceptum
1649 485 1703 524 ooo
1716 471 1750 524 li-

958 542 1028 597 cebit
1041 543 1156 611 abjicere
1173 559 1180 595 ι
1195 541 1265 596 [leus
1286 556 1351 610 ergo
1366 557 1435 595 nune
1456 539 1540 608 erigis
1554 540 1685 597 oblatum.
1700 541 1750 609 gui

960 628 1011 666 neo
1033 622 1158 675 exegerat
1174 611 1357 665 offerendum:
1373 612 1494 665 voluntas
1514 614 1540 663 lu
1560 610 1752 664 siccessiiatesss

959 683 1088 737 translato
1102 691 1153 743 esi,
1165 690 1192 735 et
1207 683 1312 735 viuculo
1326 681 1500 748 professionis
1513 681 1625 734 arctaris
1635 679 1753 734 reddere

960 760 1031 814 vota,
1048 767 1106 821 qnae
1118 751 1297 805 distinxerunt
1310 750 1377 804 labia
1390 762 1445 804 tua.
1465 770 1475 802 s

997 821 1183 889 Suscipieudus
1197 832 1280 874 nutem
1295 823 1322 874 in
1335 823 1446 873 oratorio
1459 836 1545 873 cornus
1559 820 1677 873 mnibus
1692 834 1755 886 pro·

961 894 1043 946 mittut
1059 892 1089 944 de
1105 891 1241 943 stabilitate
1255 908 1302 943 sun
1316 900 1338 943 et
1349 891 1510 944 conversione
1521 905 1621 941 snorum
1635 905 1754 955 moram,

960 970 984 1017 et
999 961 1138 1014 obedientis
1156 977 1241 1012 coruos
1257 958 1309 1013 Deo
1329 971 1352 1012 et
1368 961 1463 1014 sanctis
1476 959 1556 1031 ejus]
1573 958 1699 1013 Formam
1713 959 1758 1011 bie

961 1031 1189 1098 substantiamque
1213 1029 1386 1097 professionis
1410 1031 1563 1084 nrouastioe
1584 1030 1612 1084 S.
1627 1029 1657 1084 Ρ.
1670 1030 1759 1083 Berse-

962 1100 1051 1154 dictus
1073 1099 1216 1168 esprisuit;
1240 1099 1315 1167 eujus
1338 1101 1426 1152 sarias
1449 1109 1476 1155 et
1496 1100 1530 1152 ab
1545 1098 1661 1167 arationis
1675 1099 1759 1153 uobis

962 1171 1068 1226 relictas
1086 1170 1129 1224 bic
1145 1169 1246 1233 referre
1261 1169 1329 1223 lssud
1343 1170 1395 1223 erit
1408 1169 1531 1224 fortassis
1543 1168 1590 1222 abs
1604 1183 1646 1222 re.

1018 1259 1059 1314 da
1072 1258 1179 1330 epistola
1191 1257 1362 1312 Tlreodesnori
1376 1260 1475 1312 altatis
1487 1258 1647 1315 cassinensis
1659 1259 1695 1312 ad

1227 1327 1350 1382 Coretum
1362 1328 1497 1398 lfngnssm.

1001 1421 1028 1476 lu
1049 1422 1155 1475 nornine
1170 1420 1285 1474 Domini.
1310 1421 1442 1476 Promisso
1457 1437 1501 1478 rue
1514 1436 1564 1492 ego
1576 1422 1622 1478 ille
1636 1423 1663 1478 io
1678 1436 1761 1478 sacro

966 1492 1132 1547 monasterio
1148 1491 1177 1544 Β.
1191 1490 1327 1561 martyris,
1341 1492 1401 1546 sius
1415 1491 1579 1548 confessoris
1593 1493 1646 1561 tlt,
1662 1506 1763 1547 secors·

965 1561 1028 1615 dom
1043 1561 1164 1615 instituta
1181 1560 1211 1615 B.
1223 1561 1359 1616 Benedicti
1374 1576 1465 1616 curam
1482 1563 1535 1615 [leo
1547 1571 1574 1618 et
1587 1561 1640 1619 SS.
1655 1563 1763 1634 augelis

966 1631 1033 1697 suis,
1045 1641 1176 1698 praesente
1190 1629 1270 1686 etlam
1285 1630 1381 1686 abbate
1396 1640 1489 1687 nostro
1504 1631 1688 1688 illooronibssa
1700 1633 1764 1688 die-

969 1701 1019 1755 bos
1038 1701 1105 1754 meis
1126 1699 1216 1754 tuboe
1241 1709 1335 1756 sancto
1354 1701 1517 1756 monasterio
1537 1701 1636 1757 amodo
1661 1710 1691 1758 et
1713 1701 1763 1757 dc·

932 1781 954 1839 Β
968 1770 1060 1838 inceps
1074 1779 1320 1838 perseveraturum,
1336 1777 1363 1825 et
1375 1770 1402 1824 in
1418 1771 1490 1824 omni
1503 1771 1654 1828 obedientia
1668 1771 1762 1842 quod·

969 1854 1074 1910 ennqoe
1087 1839 1152 1894 usilsi
1168 1850 1330 1909 praeceptum
1346 1840 1436 1907 fuerit,
1452 1840 1632 1897 obediturum.
1646 1843 1707 1913 Ego
1720 1841 1765 1896 illa

969 1911 1030 1964 talis
1041 1911 1109 1963 banc
1124 1910 1326 1977 promissionem
1350 1924 1424 1966 asne
1442 1911 1537 1966 factam
1552 1927 1635 1967 urano
1654 1911 1764 1983 propris

968 1993 1059 2036 eoram
1075 1980 1188 2035 testibus
1204 1979 1300 2051 scripsi
1314 1987 1342 2035 et
1355 1979 1491 2037 roborari.

1164 2069 1206 2126 Ea
1217 2071 1376 2127 chartulario
1389 2070 1562 2127 Beftilorenss'.

1006 2164 1061 2235 Ego
1081 2162 1163 2218 irater
1180 2159 1311 2218 Geraldus
1330 2164 1456 2231 promitto
1476 2162 1648 2218 stabilitatem
1671 2176 1762 2217 meaos

969 2233 1021 2290 loci
1042 2234 1118 2289 istius
1140 2232 1285 2288 secundum
1300 2231 1428 2297 Regulam
1451 2232 1480 2289 Β.
1497 2232 1633 2288 Benedicti
1661 2242 1691 2286 ot
1714 2232 1764 2288 SS.

969 2304 1151 2373 apostolorum
1167 2302 1237 2357 Petri
1253 2310 1279 2355 et
1291 2302 1376 2365 Pauli,
1392 2302 1573 2371 inpraesentia
1589 2303 1696 2357 llornioi
1711 2301 1765 2358 oe·

134 2387 196 2428 eoru
209 2371 327 2426 babisuos
341 2371 396 2426 lleo
410 2377 519 2426 aoetme
532 2372 677 2441 suscipere.
698 2387 708 2421 s
726 2366 791 2422 Vide
804 2365 921 2422 lfabillo·
970 2373 1037 2429 raldi
1051 2373 1165 2440 abbatis,
1179 2383 1207 2427 et
1219 2379 1378 2427 eaeoerorum
1392 2373 1503 2428 fratrum
1518 2390 1526 2427 r
1542 2384 1568 2427 es
1582 2373 1650 2427 cerlo
1662 2372 1766 2445 aliquid

122 2442 172 2502 ‚aii
186 2454 250 2496 tom.
265 2441 286 2496 ll
300 2441 432 2508 analect,
447 2454 507 2510 pag.
519 2441 583 2496 sot.

171 2511 254 2567 llolto
267 2514 386 2566 severior
400 2515 502 2567 exstitit
525 2512 699 2581 qrsoromdam
728 2509 920 2566 monaelsoruns

136 2582 286 2653 disetpttoa.
301 2583 346 2652 qui
360 2596 423 2636 siros
443 2583 544 2637 tirones
566 2582 598 2636 ad
614 2582 712 2636 multos
726 2593 809 2635 auum
824 2583 922 2648 prona·

136 2653 212 2711 baut.
249 2653 293 2707 sie
319 2653 433 2706 lsidosos
457 2653 563 2722 qnidam
588 2651 777 2707 blosamlrioas
806 2649 921 2703 civitatis

136 2723 279 2790 priruarius
294 2723 320 2774 in
334 2725 526 2777 monasterinm
547 2723 671 2788 veniens,
684 2731 752 2776 teste
774 2719 803 2774 S.
819 2717 922 2775 Joassne

137 2792 255 2847 tiliniaco
269 2791 369 2861 (Gradu
383 2792 421 2861 1).
450 2810 459 2843 s
476 2808 535 2848 eom
551 2802 652 2860 segnem
667 2805 752 2846 anuos
765 2797 921 2857 peregisset,

137 2872 219 2931 atoue
234 2863 266 2917 ad
283 2862 516 2929 profundissimam
539 2862 716 2916 buusilitatem
739 2860 921 2927 coospuoesio-

138 2947 254 3002 ttcsoque
270 2933 448 3000 pervenisset,
470 2933 554 2988 soluit
569 2933 646 2988 Pater
671 2941 731 2999 post
754 2930 922 2999 incompara-

138 3000 199 3065 bilis
213 3003 261 3056 riri
277 3002 453 3072 tolerantjam,
469 3005 544 3070 ouius
557 3003 687 3071 superiori
701 3011 820 3069 tempore
832 3007 922 3065 aptum

139 3071 328 3128 documentum
341 3071 461 3139 dederat,
473 3072 543 3127 bone
559 3073 685 3128 iratribus
699 3084 919 3127 connumerare.»

969 2443 1006 2500 de
1024 2444 1104 2498 rebus
1122 2443 1188 2498 meis
1208 2443 1241 2496 ad
1263 2441 1333 2497 istud
1348 2443 1542 2497 monasterium
1556 2443 1629 2511 uuod
1642 2451 1687 2497 eat
1701 2457 1766 2497 eua-

970 2523 1102 2569 strocsom
1125 2512 1152 2565 iu
1175 2513 1303 2567 bonorem
1321 2513 1351 2568 S.
1370 2513 1453 2578 Petri,
1473 2513 1519 2569 nbi
1538 2513 1580 2568 sir
1600 2511 1768 2569 venerabilia

970 2583 1102 2641 deraldos
1115 2581 1197 2638 abbas
1212 2596 1330 2652 praeesse
1343 2583 1459 2639 ridetur.

1261 2671 1302 2727 Ea
1316 2671 1470 2744 Saueragdo.

1009 2766 1063 2825 Bao
1083 2766 1128 2821 ille
1145 2766 1171 2820 io
1187 2765 1237 2821 boc
1250 2765 1412 2820 monasterio
1433 2766 1519 2821 sancti
1543 2765 1614 2820 illius
1637 2763 1768 2833 promitto

971 2836 1142 2892 stabilitatem
1154 2850 1250 2899 meam,
1261 2845 1289 2890 et
1298 2836 1500 2892 couversionem
1512 2851 1616 2890 morum
1628 2849 1766 2902 uteorum,

971 2915 1000 2965 et
1013 2906 1191 2962 obedientiam
1214 2906 1360 2962 secuudum
1376 2906 1505 2977 ttegulam
1520 2906 1550 2962 S.
1562 2904 1706 2961 Benedicti
1719 2917 1767 2960 co-

971 2991 1029 3034 sam
1043 2977 1097 3032 beo
1109 2986 1137 3032 et
1151 2977 1250 3031 sanctis
1264 2976 1333 3046 ejus.

1151 3068 1191 3122 Ee
1206 3067 1340 3131 Udolrr‘co,
1355 3067 1401 3124 fa'ls.
1414 3034 1521 3138 threan.
1536 3066 1580 3128 97.

139 3143 176 3203 At
188 3143 271 3198 mailro
285 3143 370 3212 magis
383 3143 542 3211 strspeudons
557 3143 661 3198 ridetur
673 3143 743 3211 quirit
757 3141 791 3195 de
805 3140 859 3194 alio
871 3139 959 3200 fra-c
1011 3161 1091 3235 757
1117 3159 1174 3240 ΕΚΘ
1186 3159 1268 3213 [Μ
1289 3159 1415 3228 mommo
1434 3159 1604 3214 mmmm„
1625 3157 1764 3222 mmm

139 3223 183 3269 tre
197 3214 238 3269 eui
261 3228 357 3266 uorueu
374 3214 514 3286 abbacyro
536 3214 619 3268 refert
643 3214 713 3267 idem
737 3221 851 3265 anetor:
877 3211 921 3265 bie

139 3283 211 3340 enim
226 3283 398 3350 interroganti
414 3298 461 3338 cur
475 3282 618 3351 uuotidien
635 3298 725 3338 messsa
741 3283 865 3350 expulsos
878 3280 922 3348 ju·

139 3355 250 3419 beretur
278 3355 428 3408 iucoeuatus
452 3354 581 3417 dormire,
615 3353 753 3422 respomlt
777 3349 920 3423 (loideiu):

143 3441 156 3489 s
170 3423 256 3479 llo-de
272 3423 349 3488 mibi,
364 3424 451 3488 Pater,
467 3426 581 3493 probant
595 3439 638 3479 me
652 3426 742 3478 Patres
765 3423 816 3476 sirei
833 3434 921 3474 mrnso

140 3496 286 3549 monachos
300 3508 359 3549 esse
371 3495 493 3561 cupiaru3
509 3511 561 3549 ιιοιι
576 3504 665 3550 autem
679 3510 742 3549 scre
764 3493 790 3546 id
804 3492 921 3546 lariuot:

140 3580 219 3631 qoam
233 3581 282 3633 ogo
299 3563 384 3618 Patris
398 3564 508 3618 aliorum
520 3582 562 3628 sue
584 3566 757 3619 intentionem
772 3577 824 3620 nou
847 3562 922 3630 igno·

140 3649 215 3699 rans,
237 3634 370 3690 teitu-true
385 3647 415 3688 ao
428 3634 486 3688 siue
499 3635 550 3689 olla
566 3636 686 3689 molestia
710 3634 799 3686 orssuia
821 3633 920 3696 tolero;

139 3715 166 3760 et
188 3720 252 3760 ecco
274 3704 408 3760 decimum
431 3706 551 3774 oriturum
587 3709 640 3770 jusu
662 3718 761 3759 anssnnt
784 3717 832 3772 ego
852 3703 921 3757 istud

139 3777 272 3844 cogitans,
294 3780 363 3830 sieut
381 3782 408 3829 et
430 3775 479 3843 ipsi
491 3775 597 3846 quando
611 3776 801 3830 monasterium
816 3772 923 3838 intrari,

140 3846 265 3900 dixerunt
288 3846 352 3900 milri
376 3845 446 3913 quod
470 3859 555 3914 mone
579 3845 613 3900 sd
636 3843 801 3916 trigesimum
824 3857 923 3897 antrum

140 3915 247 3972 reoumi
257 3925 326 3971 intes
339 3916 451 3984 probare
465 3916 592 3971 soleri-nt.
611 3936 621 3968 s

191 3986 280 4042 Sciens
291 3987 344 4053 lege
358 3984 462 4055 nepote
475 3988 648 4050 constitutum,
663 3985 731 4057 quod
745 3984 768 4038 el
782 4000 813 4038 es
824 3983 871 4036 illo
883 3984 925 4038 sls'e

137 4073 192 4121 poss
204 4056 278 4110 liceat
293 4055 325 4108 sle
337 4055 489 4108 mossosters‘o
502 4054 615 4182 egredi}
632 4055 666 4111 tn
677 4056 778 4111 seilicet
792 4053 825 4109 ad
838 4068 924 4108 socn-

141 4127 197 4182 lum
213 4134 375 4188 reuertatur-3
391 4125 463 4194 quia,
477 4135 505 4178 ut
517 4127 583 4179 dieis
619 4165 625 4180 .
640 4127 692 4181 leo
707 4140 773 4194 papa
789 4124 822 4178 ad
836 4122 926 4179 llusti·

142 4212 203 4253 eum
225 4194 379 4263 episcopum
401 4194 522 4250 scribens
550 4212 557 4246 ι
583 4195 780 4264 «Propositum
800 4195 924 4249 monaebi

141 4267 251 4338 roprio
263 4265 374 4320 arbitrio
390 4274 434 4318 aut
447 4264 583 4320 voluntate
598 4277 757 4334 susceptum,
767 4264 855 4320 deseri
870 4278 923 4319 uon

179 4345 231 4392 test
253 4336 353 4404 absum
376 4345 497 4405 peccato.
519 4354 529 4388 s
554 4335 590 4389 lta
615 4338 713 4392 citatos
738 4335 765 4389 io
789 4335 924 4402 excerptis

138 4352 254 4479 ffiberti
279 4407 397 4475 episcopi
418 4405 594 4464 Eboraeeusis
609 4447 617 4470 ,
632 4407 702 4476 apud
730 4405 922 4473 Spelmaonous

141 4487 207 4534 turs.
225 4478 233 4532 Ι
254 4473 355 4530 Concil.
380 4477 459 4544 Aegl.
483 4490 553 4531 anno
571 4477 634 4542 750,
657 4487 685 4533 et
708 4474 923 4541 sorssonoatl,

141 4559 237 4619 «guast.
249 4548 275 4612 Β,
289 4561 348 4615 cap.
362 4545 540 4614 Propositum·
552 4546 613 4603 biue
622 4546 931 4619 75eb'balcedooease

141 4619 284 4676 concilium
302 4617 369 4687 (det.
384 4615 413 4681 5,
427 4632 486 4671 curs.
500 4617 551 4688 ll:
581 4635 590 4668 ι
609 4617 659 4684 Qui
675 4619 867 4672 nsonaclsoroas
889 4616 929 4673 ti-

141 4701 196 4744 tam
211 4689 406 4756 emesinorum,
430 4689 572 4742 statuimus
587 4702 673 4756 tregue
687 4687 720 4742 ad
735 4687 868 4752 militiam,
883 4701 931 4742 ne·

140 4774 194 4826 spos
213 4760 247 4814 ad
259 4758 414 4826 dignitatern
436 4757 554 4828 aliquam
566 4757 659 4813 venire
680 4758 860 4822 mundanam
881 4757 929 4812 sed

142 4829 194 4883 lsoe
213 4836 356 4893 tentantes,
371 4837 399 4882 et
413 4841 464 4881 ιιοιι
479 4843 493 4879 s
512 4839 589 4884 entes
607 4828 807 4897 poeoiteutissn,
822 4842 928 4896 ouoon·

141 4912 194 4955 nos
207 4899 317 4954 redeant
331 4897 365 4953 ad
379 4899 430 4953 boe
442 4843 513 4965 quod
527 4911 634 4968 propter
651 4897 791 4953 Dominum
806 4899 928 4965 primitus

140 4971 289 5039 otgerum,
306 4969 532 5024 arsatbematisari.
551 4988 562 5020 s
580 4969 653 5023 ldeus
670 4967 749 5023 doeet
769 4967 789 5022 S
815 4968 927 5022 basilius

141 5041 170 5100 io
182 5042 305 5093 ttoustitu
317 5037 421 5096 ionibus
434 5037 598 5103 usouastieis,
612 5052 671 5108 cap.
686 5037 739 5103 th
753 5037 784 5094 S.
797 5035 929 5093 essarris

141 5111 169 5173 iu
183 5107 283 5176 llcgula
305 5109 338 5162 asl
361 5111 508 5162 monacbos
528 5119 556 5164 et
580 5109 613 5162 al
638 5109 763 5176 uirgines,
779 5122 838 5175 cap.
856 5107 882 5172 1,
903 5117 931 5164 et

140 5194 252 5235 unctos
263 5179 422 5233 Aurelianos
445 5179 473 5232 iu
487 5179 588 5249 ltegula
608 5178 813 5242 muracoormu,
825 5192 886 5247 cap.
901 5183 929 5231 t.

143 5248 210 5305 Vide
223 5249 292 5304 Petri
308 5247 442 5304 blesensis
454 5246 533 5318 epist.
549 5249 592 5304 lb.

169 5531 305 5598 .psiorem
319 5531 354 5586 de
366 5529 557 5586 monasteriolo
581 5528 703 5585 scribens
726 5529 756 5583 io
775 5528 833 5584 boe
853 5528 933 5583 rerba

175 5693 192 5724 ⁸
211 5695 339 5762 destinans
349 5702 391 5749 et
404 5695 455 5750 iste
465 5694 532 5749 ritus
549 5694 661 5748 ostendi
679 5703 737 5746 vista
762 5709 809 5747 sua
826 5692 880 5747 lleo
898 5702 926 5748 et

140 5770 241 5830 nostra
254 5763 322 5847 eius,
340 5771 368 5819 ot
380 5772 451 5836 patet
465 5780 498 5824 es
514 5761 573 5819 lllr.
589 5764 617 5819 S.
635 5765 709 5821 llrrii
722 5765 826 5821 abbans
845 5764 929 5824 floda-

973 3241 1001 3290 et
1014 3244 1216 3289 eoorersrouem
1229 3245 1332 3282 risurum
1344 3242 1478 3294 rocosum,
1492 3238 1519 3283 et
1533 3227 1768 3284 obedientiariae·

973 3304 1089 3360 eundum
1106 3300 1233 3369 ltrgolaro
1247 3299 1277 3354 S.
1299 3298 1434 3354 nesseden
1449 3313 1540 3354 coram
1557 3297 1613 3353 oso
1623 3305 1652 3353 et
1666 3297 1770 3354 sarens

973 3373 1042 3442 ejus,
1066 3373 1093 3426 1ιι
1121 3375 1171 3424 ture
1191 3369 1365 3431 monasterio,
1389 3371 1458 3438 oool
1473 3380 1514 3424 est
1528 3376 1714 3423 constructum
1739 3367 1768 3423 iss

974 3447 1076 3498 bonore
1092 3442 1143 3494 lllt.
1157 3439 1339 3508 apostolorum
1360 3439 1431 3495 Petri
1461 3449 1489 3493 et
1500 3438 1590 3505 Pauli,
1608 3437 1634 3494 io
1649 3451 1770 3508 omen·

973 3515 1010 3569 tia
1023 3512 1115 3568 domni
1126 3510 1159 3564 Ν.
1171 3509 1285 3564 abbatis.

1094 3601 1135 3656 Ee
1148 3618 1195 3655 rns.
1207 3600 1294 3655 codice
1312 3599 1342 3656 S.
1359 3599 1478 3671 Dionysii
1487 3600 1515 3653 in
1531 3597 1653 3658 semein

1014 3693 1070 3764 Ego
1094 3693 1176 3748 irater
1198 3691 1229 3747 Ν.
1250 3691 1359 3747 bomilia
1384 3692 1533 3747 monachus
1560 3693 1718 3747 monasterii
1734 3692 1765 3750 S.

977 3762 1097 3836 Dionysii
1113 3765 1140 3818 iss
1167 3763 1290 3829 Francia,
1312 3762 1470 3818 Parisisosis
1482 3762 1617 3829 dloecesis,
1643 3776 1730 3817 ros-eo
1744 3774 1772 3818 st

977 3834 1106 3905 pronsitto
1121 3833 1186 3895 Deo,
1207 3832 1238 3887 B.
1250 3832 1337 3888 llario
1349 3836 1370 3898 ·,
1404 3833 1433 3887 Β.
1447 3833 1582 3904 Dionysio,
1609 3832 1638 3887 Β.
1657 3832 1772 3888 Bersedi·

977 3915 1033 3971 eto,
1044 3914 1072 3959 et
1084 3904 1209 3958 omnibus
1221 3905 1338 3968 sanctis,
1353 3913 1380 3956 et
1394 3904 1453 3968 tibi,
1469 3904 1558 3969 Pater,
1572 3903 1771 3968 obedientiam,

977 3977 1144 4040 eastitatem,
1159 3982 1352 4041 paupertatem.
1374 3974 1485 4040 insuper
1507 3973 1634 4042 promitto
1647 3973 1773 4028 lori·sta·

976 4044 1121 4108 bilitatern,
1144 4058 1248 4099 morum
1273 4045 1488 4109 conversionem,
1516 4042 1665 4097 menradum
1689 4042 1774 4112 hujus

977 4115 1030 4171 loci
1044 4115 1262 4239 cooshsitutionem
1275 4150 1284 4177 ‚
1299 4124 1326 4168 et
1342 4113 1450 4168 Patrem
1465 4112 1635 4169 traditionem
1650 4113 1770 4170 testibus

976 4196 1102 4255 portauit
1123 4198 1163 4240 tls.

1139 4273 1180 4328 Ea
1202 4273 1285 4344 primo
1300 4273 1483 4327 commentario
1496 4269 1608 4327 Bolsess'i.

1018 4366 1074 4436 Ego
1088 4364 1172 4421 frater
1185 4365 1215 4420 P.
1230 4366 1260 4420 Β.
1277 4367 1404 4434 promitto
1418 4363 1590 4419 stabilitatem
1597 4377 1699 4428 metm,
1710 4377 1775 4418 coo·

983 4437 1138 4494 versionem
1153 4449 1256 4490 missum
1272 4449 1403 4499 sororum,
1432 4444 1458 4488 et
1474 4432 1655 4488 obedientiam
1673 4447 1777 4488 sesoo-

944 4503 1047 4565 Ddum
1076 4506 1204 4574 Regulam
1232 4505 1260 4560 S.
1286 4504 1423 4560 Benedicti
1438 4517 1528 4560 eoram
1552 4502 1606 4558 ileu
1621 4513 1649 4557 et
1671 4507 1777 4559 sanetis

984 4582 1055 4646 eius,
1071 4577 1098 4630 iu
1114 4575 1165 4631 boe
1184 4576 1346 4631 monasterio
1359 4574 1388 4631 S.
1410 4573 1522 4638 solani,
1548 4572 1581 4626 ad
1593 4572 1672 4642 eujus
1684 4572 1776 4630 borso-

984 4663 1043 4705 rem
1056 4657 1097 4702 est
1111 4655 1305 4701 constructum.

1019 4716 1120 4772 Eadem
1133 4725 1174 4770 est
1187 4713 1299 4770 forsoola
1313 4711 1557 4777 bursfeldensium
1570 4710 1777 4770 Canineosissn

905 4827 911 4839 .
981 4802 1057 4852 sero,
1074 4785 1336 4845 vallisoletanorum.
1349 4783 1647 4851 sanctimonialiumque
1665 4780 1694 4837 iss
1715 4782 1779 4838 liel-

981 4859 1024 4931 gio
1038 4856 1121 4913 babes
1133 4855 1203 4927 apud
1216 4853 1374 4909 llaefseomo
1396 4853 1443 4908 lib.
1459 4868 1502 4920 ss,
1515 4861 1593 4908 tract.
1608 4852 1638 4918 ⁶,
1654 4851 1731 4924 disq.
1746 4856 1775 4909 t.

1199 4943 1326 5000 Fornsuln
1348 4943 1560 4999 distorsisssss'ssns.

1021 5039 1079 5112 Ego
1093 5040 1174 5094 irater
1184 5037 1218 5095 Ν.
1227 5037 1352 5106 promitto
1365 5034 1539 5091 stabilitatem
1553 5049 1651 5100 meam,
1662 5044 1692 5091 et
1709 5051 1780 5095 eeu·

984 5119 1418 5172 sessionemmorrrmsueoruos,et
1437 5105 1619 5160 obedientiam
1628 5107 1782 5164 secandum

985 5180 1114 5250 Regulam
1125 5181 1154 5235 s.
1166 5176 1301 5233 Besiedieti
1320 5175 1426 5230 abbatis
1437 5175 1590 5230 consobeo
1608 5182 1638 5230 et
1649 5179 1783 5236 omnibus

985 5251 1087 5307 sanctis
1101 5250 1173 5318 ejus,
1186 5262 1299 5317 otiorum
1319 5247 1437 5315 reliquia
1451 5244 1496 5299 bie
1508 5244 1658 5314 habeatur,
1683 5247 1713 5302 iss
1731 5248 1783 5305 boc

177 5319 233 5376 Nee
249 5319 346 5373 sollum
362 5326 479 5377 excutere
495 5319 526 5373 rte
540 5318 661 5390 subjugo
679 5317 785 5388 regulae,
798 5333 874 5387 panos
885 5319 932 5370 sul
986 5321 1047 5377 loeo
1072 5320 1118 5390 oui
1136 5327 1245 5374 uocatur
1264 5316 1295 5372 Ν.
1311 5317 1411 5371 ordinis
1425 5313 1623 5382 Cistereieusis,
1650 5331 1784 5374 constru-

140 5401 193 5451 tam
205 5405 307 5445 rssorosn
318 5388 498 5444 deliberatione
509 5389 580 5443 licuit
592 5403 715 5443 musore
725 5395 770 5442 nsit
782 5386 933 5460 suscipere]
984 5399 1030 5445 cto
1054 5389 1082 5443 lu
1112 5389 1240 5444 borsorens
1259 5386 1421 5443 beatissimas
1442 5384 1491 5441 Dei
1504 5383 1650 5442 Genitrieis
1669 5403 1784 5460 semper

165 5459 182 5513 d
197 5461 266 5516 boue
280 5460 367 5517 loeson
381 5458 518 5528 respicere
531 5459 635 5514 ridetur
649 5460 741 5513 Petrus
754 5457 886 5513 blesensis
898 5464 931 5512 ad
986 5459 1097 5530 sirgiois
1118 5459 1218 5525 Maria,
1233 5459 1261 5512 iu
1277 5456 1416 5528 praesentia
1431 5456 1523 5512 domni
1538 5455 1572 5512 Ν.
1587 5455 1715 5524 ejusdem
1731 5460 1784 5516 loci

987 5529 1104 5584 abbatis.

981 5696 1083 5757 nensis,
1099 5706 1161 5747 arec.
1180 5709 1187 5748 ι
1203 5693 1303 5748 bened.
1318 5708 1325 5748 ε
1341 5691 1449 5747 Videant
1462 5691 1502 5751 1111
1516 5691 1560 5762 esss’
1570 5693 1598 5746 lo
1608 5690 1658 5746 bae
1671 5694 1785 5760 euim,

987 5764 1040 5824 Μ
1052 5775 1075 5819 tl
1088 5773 1176 5825 rostro
1190 5761 1274 5822 llario
1286 5777 1387 5853 purorum
1399 5762 1561 5821 stabilitatem
1571 5763 1769 5834 moestum
