3794 6120
107 330 155 396 lii

762 325 790 383 s.
813 323 842 383 r.
862 313 1079 380 seruatores.
1149 391 1153 399 ,

1687 322 1737 380 did

143 444 191 500 llis
203 443 320 514 adlicere
334 456 471 515 possemus
484 451 605 498 auctores
619 439 749 511 Hispanos
766 456 818 496 non
830 453 892 511 patt-
908 441 932 499 lt
946 443 1016 491 tores
1030 421 1165 489 numerati
1184 421 1296 500 debeat,
1319 449 1411 493 verum
1431 437 1510 496 etiam
1534 443 1562 495 el
1575 436 1738 495 doctissimis

110 551 167 605 eos,
179 537 223 608 qoi
238 551 271 593 co
285 550 390 607 qnoque
401 535 498 607 stylum
515 531 701 591 admoverant.
717 534 782 589 Rana
799 541 896 604 praeter
947 530 996 585 aevi
1011 526 1094 583 tanstri
1116 523 1295 598 scriptoribus
1319 530 1476 601 aequiparari
1499 529 1600 600 pessit,
1615 531 1738 586 erute-ta-

110 631 240 688 leannem
263 627 424 685 cardinalem
448 628 481 682 de
504 627 707 683 Turreeremata
730 627 846 695 dictrrm,
874 627 896 683 si
948 618 1192 687 stica,mooastica,
1205 618 1368 690 profanaque
1377 619 1527 676 eruditione
1537 618 1737 676 refertissimos.

113 722 249 791 blansiquo
264 719 408 785 credimus,
423 720 449 775 in
460 718 576 786 capitolo
588 718 704 790 generali
717 721 899 792 congregatio·

114 817 156 869 nis
176 814 326 869 relaarrnate
350 812 452 866 ordinis
472 811 655 866 cisterciensis
676 811 739 866 anari
763 813 900 880 libido·

113 907 230 976 junctum
244 917 284 961 est
300 905 433 964 luderico
448 907 481 960 de
497 905 624 970 Estrada,
648 905 744 976 insigni
766 907 836 962 reret
852 905 900 962 lici

112 996 350 1063 concionatoriae
370 998 579 1054 commentarios
601 998 627 1054 in
652 997 680 1054 S.
700 998 834 1054 Benedicti
850 997 902 1054 Re·

112 1094 201 1157 gulam
215 1087 319 1153 ederet,
334 1088 430 1158 quibus
444 1088 555 1143 abbates
570 1089 597 1144 in
611 1087 733 1160 capitulis
748 1090 856 1157 priuatis
869 1089 901 1142 ad

115 1179 187 1235 illam
201 1181 385 1251 exponendam
401 1179 441 1235 ati
455 1191 578 1250 possent;
593 1196 659 1250 quos
674 1195 734 1235 eum
751 1181 776 1236 in
792 1195 903 1251 genera-

116 1268 184 1326 libus
209 1270 324 1329 ceratitiis
349 1272 411 1324 anni
441 1269 511 1327 1560
540 1270 654 1340 ilipana
688 1271 776 1341 lingua
805 1286 904 1337 reprae-

114 1371 264 1432 sentasset,
290 1362 381 1433 jussus
405 1369 447 1417 est
468 1363 493 1417 in
519 1362 638 1417 Latinam
661 1371 786 1427 vertere.
810 1363 904 1430 dignos

114 1451 161 1522 qui
182 1453 335 1523 legerentur
356 1451 510 1507 universum
535 1467 582 1522 per
605 1451 716 1519 orbem,
739 1465 767 1508 ιιι
789 1453 905 1522 loquitur

115 1542 281 1613 bianriquus.
296 1542 334 1597 Es
347 1541 440 1599 eadent
458 1545 664 1614 congregatione
679 1544 828 1599 Lutaricns
841 1545 904 1599 Rer-

117 1635 215 1691 nardus
225 1635 259 1692 de
271 1637 377 1704 Quiros,
394 1637 554 1692 reformator
566 1637 698 1708 generalis
711 1636 783 1704 list,
798 1654 818 1694 s*
828 1639 906 1710 ripsit

115 1741 222 1798 quoquo
232 1726 395 1798 Reipublicm
407 1729 571 1795 monasticae,
579 1730 637 1785 sive
648 1728 906 1785 Commentariorum

951 713 1022 771 luter
1047 711 1098 767 aliu
1126 726 1186 782 quae
1210 710 1323 782 piurima
1350 712 1452 777 edidit,
1482 711 1618 768 Benedicti
1638 713 1741 768 abluatis

950 801 1112 858 boianensis
1127 800 1288 872 Regularum
1304 802 1483 867 Concordiam
1504 802 1603 873 publici
1623 803 1690 873 iuris
1706 804 1742 863 le·

952 896 998 958 cit,
1014 908 1092 964 qoam
1107 893 1140 949 ad
1161 895 1250 964 plures
1261 908 1326 949 mss.
1342 893 1448 951 codices
1462 893 1551 965 escgit
1567 903 1595 950 et
1614 897 1681 948 aratis
1695 906 1743 950 ea·

953 1097 1058 1151 curaque
1074 1083 1201 1137 momenti
1216 1080 1331 1150 alicujus
1350 1095 1418 1150 opus
1437 1079 1544 1151 aliquod
1559 1080 1585 1135 in
1598 1079 1744 1137 benedicti·

955 1187 1014 1227 uam
1027 1172 1155 1245 Regulam
1172 1182 1303 1242 postcom
1326 1173 1492 1242 scripserunt
1509 1192 1514 1226 :
1540 1173 1655 1228 mraxime
1681 1184 1745 1228 tero

955 1267 1066 1321 Carolus
1078 1265 1212 1335 Cointius,
1227 1264 1343 1322 Oratorii
1358 1267 1461 1321 Domini
1478 1265 1540 1322 J'es'n
1555 1266 1704 1338 presbyter,
1715 1267 1744 1321 in

955 1359 1186 1418 observationibus
1206 1360 1239 1414 ad
1259 1359 1380 1416 eamdem
1396 1356 1540 1432 Regulam,
1556 1375 1634 1429 quam
1648 1359 1674 1413 in
1690 1363 1745 1412 Aa·

956 1454 1056 1508 nolium
1072 1455 1316 1511 ecclesiasticarum
1328 1455 1490 1511 Francorum
1505 1465 1578 1511 tomo
1592 1455 1602 1510 l
1616 1456 1746 1528 integram

957 1547 1077 1605 inseruit.
1382 1601 1384 1605 ,
1688 1555 1695 1572 ‘

993 1640 1151 1696 Benedictus
1166 1654 1231 1695 rere
1255 1639 1411 1705 llaeltenus,
1436 1639 1632 1711 dldigeniensis
1654 1656 1748 1697 mona-

959 1734 1033 1790 scr-tt
1059 1734 1229 1803 praepositas,
1256 1733 1282 1788 in
1306 1733 1386 1789 rebus
1409 1734 1564 1789 monasticis
1583 1744 1749 1805 quantopere

115 1816 284 1889 inllegulam
299 1817 328 1873 S·
344 1818 479 1874 Beraedieti
500 1816 582 1875 libros
600 1819 755 1885 duodecim;
781 1836 848 1890 quos
869 1830 906 1874 ta·
924 1831 944 1889 q}
959 1827 1080 1877 uersatus
1107 1822 1203 1890 luerit,
1230 1821 1344 1895 proban't
1369 1820 1508 1881 duodecim
1540 1826 1749 1880 coronasti-arum

118 1922 179 1964 rraeo
196 1924 248 1964 non
263 1920 370 1965 exstare
385 1911 482 1966 asserit
496 1908 620 1965 Nicotaus
643 1910 763 1977 lirarus,
786 1911 906 1982 ejrrsdem

118 2002 331 2072 eorrgrcgatinnis
342 2001 423 2057 abbas
437 2003 590 2057 morrasterii
602 2001 695 2071 Olirao,
710 2002 736 2058 in
751 2004 822 2058 notis
838 2002 909 2059 litte-

118 2093 239 2155 ralibus,
262 2110 330 2166 quas
351 2111 399 2164 pro
420 2095 534 2163 genrrina
561 2095 667 2166 Regulae
692 2096 863 2163 intelligentia
882 2102 910 2152 el

118 2185 290 2244 rrirrscietatisr.
310 2187 471 2257 obligatione
486 2188 555 2256 typis
577 2187 712 2243 mandaria
736 2187 818 2244 Olirae
839 2204 910 2242 urano

119 2274 200 2340 tols,
215 2291 267 2330 arna
282 2290 342 2330 carm
359 2275 464 2331 bacinia
480 2276 609 2333 adsersus
623 2277 734 2335 loannis
747 2277 911 2334 Caramnelis

118 2366 224 2437 placita.

155 2458 194 2514 Es
207 2459 415 2531 congregatione
425 2476 489 2516 acro
505 2459 692 2517 vallisoletana
703 2461 771 2518 duos
782 2461 911 2518 babemus

120 2555 273 2624 superiores
283 2554 434 2624 generales,
447 2568 558 2623 quornm
575 2570 642 2609 ttnus
656 2554 758 2620 Latine,
769 2555 836 2612 alter
848 2557 910 2613 tlts·

120 2649 215 2719 partire
237 2649 344 2718 scripsit
366 2650 391 2702 in
418 2648 545 2717 Regulam
579 2648 606 2703 S.
639 2649 785 2706 Benedicti.
808 2649 912 2708 Primus

121 2742 252 2799 butonins
268 2739 411 2804 i‘crezius,
427 2741 471 2809 qai
495 2748 586 2808 postca
603 2740 651 2796 luit
675 2740 836 2811 Urgelleusis
856 2743 911 2812 epi-

121 2846 218 2900 scopus
232 2846 262 2885 ac
276 2831 444 2898 postmodum
456 2829 673 2900 arrolpiscopns
685 2831 912 2900 Tarraconensis;

122 2925 255 2978 seearraatus
269 2921 421 2993 dipltnnsns
435 2923 469 2978 tle
483 2922 672 2990 San-litores,
696 2925 737 2980 vir
753 2941 805 2981 tren
824 2927 912 2998 exigui

122 3016 220 3075 tarcrizi.

160 3107 290 3177 lienique.
306 3119 335 3162 ut
350 3110 442 3177 paneis
459 3108 606 3175 alrsolvam,
622 3124 833 3168 commemorare
849 3113 913 3168 nibil

962 1914 1180 1984 disquisitionum
1212 1914 1291 1984 libri,
1316 1930 1393 1988 'opus
1424 1917 1557 1985 ¹imprimis
1587 1915 1749 1972 laudandum

961 2011 987 2058 et
1008 2003 1086 2070 utile,
1110 2005 1152 2059 eni
1179 1992 1305 2058 nonnulla
1330 2005 1353 2061 si
1377 2005 1526 2061 detraxeris
1551 2007 1749 2070 correxerisrc,

962 2092 1052 2150 nescio
1072 2111 1105 2149 an
1119 2097 1291 2166 praestantius
1308 2094 1407 2166 aliquid
1422 2097 1449 2151 in
1465 2096 1493 2153 S.
1511 2097 1646 2155 Benedicti
1663 2099 1752 2169 Regu·

960 2191 1014 2243 lam
1035 2190 1170 2258 exquiras.
1195 2190 1286 2246 Edidit
1309 2191 1418 2260 insuper
1432 2193 1651 2249 commentarium
1669 2193 1694 2247 ia
1711 2195 1751 2248 ri·

964 2291 1017 2336 tam
1033 2281 1061 2337 S.
1078 2281 1223 2347 Benedicti,
1239 2291 1266 2337 et
1288 2282 1339 2338 alia
1363 2299 1416 2337 nun
1431 2298 1524 2354 panea,
1538 2301 1598 2353 quae
1619 2285 1752 2340 sinceram

963 2374 1089 2441 pietatem
1104 2387 1153 2428 occ
1168 2374 1303 2444 vulgarem
1319 2374 1495 2430 eruditionem
1507 2390 1540 2430 ex
1550 2390 1627 2445 aquo
1640 2378 1753 2446 spirant.

964 2463 1029 2529 Essns
1047 2465 1247 2535 disquisitiones
1267 2466 1428 2521 monasticas
1447 2466 1606 2538 compendio
1631 2469 1755 2523 realractas

964 2556 1088 2626 Augustae
1103 2554 1299 2610 vindelicorum
1311 2556 1380 2626 typis
1394 2555 1514 2613 mandari
1527 2558 1631 2633 patravit
1643 2557 1756 2613 Carolus

964 2648 1115 2718 stengelius
1130 2648 1211 2704 abbas
1226 2648 1402 2713 salussam,
1418 2648 1493 2718 cujus
1508 2650 1625 2720 epitome
1640 2652 1671 2706 iis
1686 2667 1756 2722 pra-

964 2740 1058 2794 sertim
1080 2738 1204 2794 sulllcere
1226 2747 1325 2809 posset,
1348 2740 1443 2809 quibus
1463 2755 1510 2809 per
1533 2741 1616 2796 otium
1645 2742 1757 2799 nainirne

966 2841 1042 2886 uacat
1055 2831 1171 2900 prolixas
1186 2830 1307 2885 llacltent
1321 2832 1518 2888 lucubrationes
1531 2835 1651 2890 studiose
1667 2837 1758 2905 perle-

965 2935 1039 2990 gere.
1060 2919 1140 2976 Viros
1161 2920 1371 2992 superstitesque
1397 2921 1504 2994 Regale
1532 2934 1759 2980 commentatores

967 3012 1074 3067 silentio
1090 3013 1293 3081 praetermittere
1306 3017 1411 3069 artimus
1433 3014 1496 3080 luit,
1517 3018 1624 3086 nequis
1644 3015 1757 3072 inmitem

965 3113 1058 3156 comam
1077 3099 1151 3155 launa
1164 3101 1204 3157 rel
1220 3100 1356 3156 modestia
1370 3116 1422 3157 non
1437 3103 1529 3157 salisa
1546 3119 1589 3159 me
1604 3105 1758 3161 cansrtltum

123 3198 386 3271 juvatTlreobaiduqn
398 3199 546 3265 Arialdung
559 3200 666 3257 Petrum
678 3202 843 3274 Ctespdfium
855 3206 914 3261 (ζῶ.
928 3213 952 3276 c
967 3192 1143 3247 existimaret.
1159 3191 1212 3248 Sed
1233 3206 1321 3261 tteque
1339 3193 1477 3249 dclttnclos
1502 3211 1595 3250 ‹ttiiiles
1619 3197 1659 3250 itii·
1679 3212 1694 3251 R
1713 3214 1759 3251 titt:

124 3294 246 3359 lestines,
260 3303 288 3349 et
302 3291 440 3348 blattbiam
455 3292 626 3349 lambertum
639 3294 765 3352 blerensis
778 3307 912 3354 monaste·

125 3386 159 3451 rii
173 3386 305 3453 priorem,
321 3387 367 3458 qui
389 3394 444 3444 tres
468 3386 576 3457 Regula
599 3386 716 3444 Gallicas
735 3389 916 3458 expositiones

124 3478 280 3552 ediderunt;
292 3495 341 3536 nec
353 3494 406 3536 non
417 3489 445 3536 et
454 3480 585 3536 ioatsrtem
600 3481 774 3549 Bertbelium,
785 3482 915 3538 Joarrnero

124 3571 346 3641 (baesbreclsum,
371 3572 566 3629 Columbanum
593 3573 746 3641 Urancem,
773 3575 916 3645 pluresque

126 3663 203 3732 qliae,
219 3678 332 3734 qnorum
354 3663 504 3733 catalogum
529 3664 612 3719 texuit
635 3663 796 3721 Benedictus
811 3664 916 3722 llaeite·

126 3770 176 3818 nrm
199 3755 225 3809 in
251 3753 485 3825 disquisitionibus
509 3755 674 3811 monasticis.
698 3757 827 3814 ioannem
852 3774 916 3814 vcro

125 3849 308 3903 tzar-amarciem
330 3848 400 3918 quod
425 3848 538 3915 attinet,
562 3850 668 3905 tametsi
690 3850 829 3922 aliquoties
857 3850 917 3920 ejus

126 3939 208 3994 verim
221 3938 391 4010 protulimus,
410 3948 511 3994 tantum
525 3939 602 3996 abest
615 3949 643 3995 ut
654 3940 730 3996 nobis
745 3944 916 3998 commenda·

126 4040 178 4094 tut,
193 4032 257 4101 qarin
274 4033 361 4097 potius
375 4031 448 4087 omni
459 4031 593 4087 oblivione
604 4033 700 4103 dignus
714 4034 845 4091 rideatur.
857 4035 916 4091 lilia

126 4131 167 4182 cst
177 4123 244 4177 tatio
258 4121 370 4178 Gerardi
386 4123 473 4194 Belgae
492 4123 635 4194 monachi,
651 4127 811 4197 cuiuspiam
833 4129 916 4182 dero-

127 4221 236 4283 tnmquo
258 4214 507 4270 commentariolum
531 4231 591 4271 cnm
617 4216 688 4271 notis
707 4217 790 4273 edidit
811 4217 917 4276 Gabriel

127 4304 270 4376 Rpcclinus
283 4306 310 4361 in
326 4308 491 4363 monasterio
505 4307 534 4364 S.
549 4306 630 4363 Galli.
654 4307 745 4378 Neque
766 4309 846 4364 etiam
870 4325 916 4364 sna

127 4396 206 4454 laude
219 4397 377 4478 privandum
393 4398 517 4454 existimo
529 4397 662 4454 lulianum
677 4399 847 4455 Warncrium
858 4403 918 4456 stri·

127 4488 218 4546 coieris
233 4490 410 4553 obseruantia
423 4489 610 4560 cisterciensis
622 4491 682 4546 ord.
695 4492 858 4562 generalem,
870 4506 916 4546 eu·

967 3291 1191 3336 commemoratos
1220 3280 1303 3337 luisse
1332 3282 1458 3351 aldruto,
1485 3299 1599 3354 qnormn
1627 3287 1760 3355 plurimos

967 3374 1116 3443 praesertim
1133 3390 1212 3429 manu
1230 3384 1355 3430 exaratos
1374 3390 1464 3431 curam
1478 3378 1694 3449 diligentiamque
1708 3397 1760 3436 no·

966 3478 1048 3521 stram
1061 3468 1159 3539 iuglsse
1170 3484 1222 3524 noo
1235 3468 1362 3527 dilbteor.

1003 3560 1041 3615 Ea
1059 3559 1102 3615 bis
1120 3561 1244 3616 omnibus
1258 3562 1464 3643 commentarios
1477 3577 1524 3618 seu
1540 3564 1655 3619 rancidum
1671 3564 1761 3619 editos

967 3664 1029 3710 ante
1045 3654 1148 3725 aliquot
1161 3672 1245 3712 annos
1259 3658 1329 3730 typis
1343 3659 1469 3714 mandare
1487 3661 1650 3730 cogitaverat
1665 3671 1760 3717 noster

966 3744 1759 3822 blabillonius,eteailliscorrtlnnametquasicnncateomam

966 3834 1076 3907 Regulus
1089 3840 1339 3894 commentationem
1354 3838 1453 3895 lacere.
1470 3840 1567 3897 Verum
1580 3860 1639 3899 conr
1655 3862 1698 3899 ine
1709 3849 1755 3902 ali·

966 3926 1029 3996 quid
1045 3928 1070 3981 in
1085 3928 1213 4000 Regulam
1225 3928 1253 3984 S.
1264 3929 1528 4006 Benedictimeditari
1541 3932 1675 4002 rescisset,
1689 3940 1760 4012 ipsc,

966 4017 1113 4090 majoribus
1127 4029 1154 4074 et
1168 4020 1317 4077 utilioribus
1331 4018 1488 4099 occupatus,
1498 4032 1591 4105 auctor
1602 4026 1649 4084 brit
1663 4043 1691 4085 ut
1702 4035 1760 4088 sal·

967 4116 1021 4164 tem
1044 4108 1151 4164 illorum
1166 4113 1335 4168 concordiam
1359 4126 1507 4187 satagerem
1523 4117 1613 4176 edere.
1638 4118 1664 4176 ld
1685 4126 1759 4194 errand

968 4212 1021 4260 tam
1034 4221 1068 4261 et
1081 4206 1135 4262 illis
1149 4223 1228 4278 quam
1243 4225 1277 4265 ex
1302 4212 1381 4266 editis
1399 4200 1477 4285 longe
1491 4194 1629 4287 pluribus,
1645 4219 1760 4291 aliisque

967 4298 1086 4368 probatis
1101 4301 1254 4358 auctoribus
1279 4304 1425 4360 innumeris
1447 4309 1481 4361 it'a
1498 4308 1624 4379 praestare
1641 4323 1756 4370 coriatus

967 4404 1038 4460 sum,
1055 4401 1084 4447 ot
1096 4393 1222 4465 quidquid
1235 4396 1262 4450 in
1275 4397 1431 4470 bisalicnjus
1440 4388 1566 4459 maurenti
1577 4405 1716 4475 existeret,
1730 4409 1758 4465 iu

968 4480 1019 4537 boc
1034 4497 1086 4538 ono
1107 4488 1302 4542 commentario
1322 4499 1415 4545 nostro
1436 4501 1608 4560 praetecum
1630 4510 1761 4566 corrupte·

127 4578 169 4655 qaas
184 4594 280 4650 μω
293 4581 424 4644 Gallicum
438 4582 536 4638 lippum
552 4583 588 4638 [te
599 4583 707 4654 antiqua
718 4585 792 4654 pragi
809 4583 917 4656 [segnem
931 4588 956 4647 ι)
969 4573 1125 4632 deriderem.
1151 4577 1200 4632 llis
1220 4579 1344 4635 omnibus
1366 4580 1456 4637 addidi
1483 4585 1584 4654 praxim
1611 4587 1716 4657 qualem
1735 4591 1761 4644 in

126 4675 155 4727 s.
171 4672 322 4752 Benedicti,
339 4673 448 4744 Parisiis
468 4688 538 4729 anno
554 4667 623 4730 tois
647 4675 817 4745 impressum,
842 4691 915 4730 corar-

128 4769 286 4824 mentariunr
302 4768 411 4836 insuper
425 4768 450 4821 in
466 4766 589 4822 eamdem
603 4764 730 4838 Regulam
751 4767 817 4823 citat
835 4766 916 4820 ltalia·

128 4869 178 4925 rpus
192 4853 319 4925 Parisios,
334 4857 416 4929 abbas
431 4857 554 4927 bulcardi
566 4857 735 4914 blentis.Sed
746 4872 832 4928 neque
843 4855 917 4913 Pauli

129 4946 266 5017 bqgttstini
282 4964 297 5001 a
311 4946 400 5019 ianua
411 4948 625 5020 congregationis
641 4948 811 5014 cassinensis
824 4963 917 5003 mona·

112 5037 181 5101 obl,
194 5037 237 5108 qni
251 5037 372 5095 eamdem
385 5037 512 5109 Regulam
528 5038 561 5094 ad
576 5054 638 5094 nass.
653 5038 827 5095 Cassinenscr
842 5053 918 5095 rece·

128 5137 222 5199 gnovit
242 5137 270 5193 et
289 5129 451 5184 doctissimis
465 5133 535 5184 rantis
549 5130 708 5196 exorauerit,
724 5145 792 5200 opos
813 5144 921 5200 prorsus

94 5274 97 5279 .
128 5221 307 5286 spernendum
341 5218 459 5292 ridetur..
494 5221 539 5274 Ris
567 5221 691 5275 omnibus
722 5221 790 5277 dues
817 5221 920 5275 caletis

129 5308 208 5377 lange
222 5310 424 5380 anteponendos
437 5311 545 5382 adjicio,
561 5310 696 5381 lingonem
713 5310 879 5376 blenardunt,
893 5322 920 5366 et

132 5396 302 5458 Renealictum
329 5386 487 5456 llaelienunr
499 5445 510 5476 a
526 5402 597 5455 siros
612 5412 711 5455 aeterna
734 5401 863 5456 memoria
878 5400 919 5455 di-

128 5504 205 5558 gnos.
223 5489 327 5553 l‘rirrtus
351 5506 384 5547 ex
407 5495 538 5558 marriaclro
559 5493 588 5548 S.
614 5490 732 5562 Dionysii
746 5494 773 5546 in
793 5491 917 5555 Francia,

130 5588 190 5633 aeto
209 5583 351 5639 strictioris
366 5586 544 5655 obseruapticc
568 5585 766 5656 cottgrogationi
788 5586 818 5642 S.
836 5587 917 5641 blanci

124 5668 198 5725 'daras
213 5687 329 5741 lttttttett,
345 5676 493 5730 alectrinam
509 5693 569 5731 earm
595 5678 692 5746 pietate
713 5679 748 5736 ita
764 5677 916 5749 conjurasti.

133 5775 160 5827 ut
171 5778 223 5820 non
234 5765 318 5839 soluto
331 5768 399 5824 inter
411 5769 493 5849 periet
503 5771 618 5842 tissirnos
630 5788 708 5827 tnorta
725 5773 853 5828 tisanae
864 5775 918 5826 ctri-

969 4668 1085 4738 antiquis
1100 4672 1291 4727 monacborum
1307 4673 1416 4744 regulis,
1428 4677 1616 4733 vetustissimis
1629 4682 1762 4736 recentio-

968 4760 1096 4831 ribusque
1121 4762 1304 4818 coenobiorum
1330 4767 1454 4835 statutis,
1477 4771 1713 4829 consuetudinibus
1734 4785 1763 4831 ct

969 4853 1113 4910 ordinariis
1128 4855 1186 4910 sire
1199 4870 1280 4911 manu
1304 4859 1420 4914 exaratis
1442 4861 1499 4918 sire
1522 4860 1671 4934 impressis,
1689 4877 1719 4924 et
1735 4869 1762 4922 in

970 4944 1051 5003 variis
1065 4954 1218 5003 sanctorum
1234 4949 1301 5004 actis
1314 4963 1346 5007 ac
1359 4948 1479 5007 bisteriis
1498 4948 1697 5027 deprehendere
1712 4974 1764 5033 po·

972 5035 1131 5104 taionem
1157 5053 1187 5092 rc
1206 5038 1228 5093 sl
1244 5039 1308 5110 quid
1321 5043 1409 5098 errari
1431 5044 1512 5116 (qued
1532 5056 1575 5103 est
1590 5028 1760 5123 humectum),

971 5138 1018 5183 aut
1042 5127 1110 5187 lorte
1127 5131 1258 5186 lneaurius
1272 5133 1381 5200 excidit,
1408 5136 1537 5195 candidos
1561 5139 1674 5205 interes
1698 5157 1763 5211 pre·

971 5237 1036 5294 cor,
1065 5234 1093 5279 nt
1118 5241 1166 5295 pro
1195 5241 1242 5280 sua
1266 5227 1430 5299 benignitate
1456 5235 1570 5302 pecccatis
1591 5232 1763 5304 indulgeant.

972 5318 1081 5373 tttettdas
1096 5320 1228 5388 corrigant
1244 5329 1272 5375 et
1290 5322 1444 5389 emendent,
1460 5332 1582 5392 paratum
1596 5342 1640 5382 me
1654 5341 1765 5399 seraper

970 5412 1126 5468 inventuros
1153 5417 1266 5469 certiora
1280 5415 1439 5473 docentibus
1453 5419 1542 5474 statim
1564 5429 1591 5476 et
1613 5436 1649 5477 ex
1669 5423 1764 5479 animo

970 5506 1133 5558 caartscaarirc.

1007 5588 1128 5658 lienique
1138 5600 1167 5643 ut
1180 5590 1207 5641 in
1216 5588 1268 5642 boc
1282 5603 1364 5659 opere.
1375 5588 1440 5641 nibil
1454 5589 1527 5658 quod
1538 5603 1698 5649 meumerat
1708 5597 1759 5652 dc-

972 5681 1085 5736 siderari
1099 5691 1202 5751 posset,
1219 5692 1320 5738 sanctae
1339 5680 1447 5750 lingulae
1465 5690 1566 5736 testum
1580 5685 1613 5737 ad
1628 5699 1696 5740 tttss.
1711 5704 1761 5757 etr·

971 5773 1046 5841 diccs
1057 5776 1185 5849 pluriums
1194 5777 1337 5832 currendam
1346 5776 1449 5840 studui,
1460 5790 1485 5827 m
1496 5784 1578 5832 reatae
1586 5762 1758 5836 o'd't'clustls‘-
