3794 6120
193 283 226 338 ti
669 285 699 343 S.
722 281 908 344 bdliiltilil'il
928 286 1154 344 uottttttttsts
1174 283 1324 344 tetstort
1781 277 1815 341 db

194 410 238 448 ure
252 394 411 450 sciscitando
424 404 451 452 et
465 397 599 453 visitando
613 411 704 453 corana
723 398 816 466 babes,
832 401 878 455 red
894 401 974 456 etiam
991 400 1016 461 Δ
1030 385 1134 457 latemus
1146 416 1242 470 posse:
1259 401 1319 472 quia
1336 400 1427 456 tusam
1442 409 1487 455 aut
1501 409 1668 469 suspectam,
1681 410 1726 456 aut
1739 401 1815 456 orlio·

194 487 273 541 bouis
297 490 349 543 tuis
374 504 416 544 me
440 489 534 545 fulcire
556 499 583 545 et
608 501 760 548 sustentare
788 507 840 548 non
870 493 979 548 desinis.

198 581 302 648 Quanta
316 591 403 635 nutem
420 583 486 636 mala
501 586 526 636 io
547 599 590 640 me
606 594 710 653 peracta
733 596 810 649 suot,
832 600 881 641 nce
901 600 981 641 enar-

195 687 268 736 rare,
282 687 332 726 nce
346 673 464 728 scribere
479 673 525 729 tibi
542 690 590 744 per
600 678 689 730 omnia
708 691 827 746 possum.
841 681 909 734 bute
922 695 978 733 om·

197 762 241 816 nia
258 776 322 816 rrro
343 763 452 831 patricio
472 764 567 820 intesta
591 766 655 819 milri
679 777 735 822 erat
748 769 768 831 ¹,
788 768 906 838 eoquod
929 784 980 824 non

195 847 367 908 restituebam
391 853 546 910 bntlrimum
570 856 669 911 dudum
699 858 878 927 patriarcham
906 856 979 914 Con·

194 944 474 1013 arantinopolitanurn,
487 960 566 1014 ouem
581 952 681 1001 sanna
696 948 831 1003 memoria
843 949 979 1019 agapetus

195 1033 379 1103 praedeeessor
399 1049 474 1089 meus
497 1037 552 1090 suis
573 1037 676 1092 meritis
696 1036 840 1092 donruarit.
865 1037 982 1105 Urgente

193 1140 299 1195 unoquo
320 1127 377 1195 ejus
388 1126 520 1196 jussione,
541 1130 665 1183 exierunt
679 1129 788 1198 orridam
811 1129 870 1184 lalsi
886 1137 980 1194 testes,

193 1217 313 1273 diceutes
331 1219 471 1274 adrerum
496 1223 682 1289 macrinius,
707 1238 820 1292 quorum
846 1239 980 1293 nunquam

195 1313 329 1377 particeps
344 1311 391 1367 lui.
406 1311 457 1367 Sed
480 1314 541 1366 dum
564 1316 638 1368 mu'ti
661 1316 688 1368 iu
703 1315 796 1370 eodem
807 1316 981 1370 accusatore

194 1401 381 1469 persisterent,
399 1403 487 1457 timuit
502 1403 646 1457 belisarius
666 1405 793 1474 patricius
811 1415 903 1460 noster
917 1408 937 1466 ¹.
954 1417 981 1460 et

1032 508 1091 549 som
1115 507 1225 559 rocem,
1247 504 1292 547 aut
1316 493 1464 557 lunestam,
1489 492 1576 562 potius
1595 491 1717 550 interdici
1736 507 1818 562 quarn

1033 588 1118 643 audiri
1133 589 1234 644 sanctis
1248 586 1372 642 Patribus
1383 587 1493 657 placuit.
1507 586 1694 653 Summopere,
1708 585 1815 642 cbaris-

1031 678 1112 740 eime,
1128 678 1193 732 tales
1207 676 1319 733 carendi
1335 676 1427 743 sunt⁸,
1443 683 1470 730 et
1490 677 1627 731 avertendi
1649 685 1729 745 atque
1747 674 1814 746 reii-

1032 768 1135 835 ciendi‚
1155 768 1178 824 si
1198 776 1325 824 nocentes
1348 767 1519 837 apparuerint
1538 787 1545 822 :
1564 768 1625 838 quia
1653 783 1704 822 non
1726 768 1815 823 solam

1032 861 1229 924 ecclesiastieae,
1244 859 1386 915 sedetiam
1405 861 1494 913 saculi
1510 861 1581 928 loges
1603 859 1671 914 tales
1685 874 1737 913 oon
1751 870 1815 914 sot·

1032 951 1148 1019 cipiunt,
1164 951 1210 1005 sed
1228 951 1371 1019 repellunt.
1391 947 1468 1005 Unde
1486 949 1612 1018 scriptum
1633 957 1694 1003 este
1709 949 1744 1002 tir
1762 949 1813 1002 irrr-

1032 1041 1133 1113 picrum
1148 1041 1248 1095 devorat
1270 1041 1427 1106 iniquitatem
1447 1039 1537 1110 (Pron.
1551 1037 1617 1111 art).
1634 1039 1667 1094 Et
1686 1039 1814 1094 llomluttt

1033 1147 1080 1202 per
1095 1133 1251 1202 proplietam
1264 1130 1393 1202 loquitur,
1406 1131 1518 1185 dicens:
1534 1131 1597 1184 llam
1611 1136 1700 1184 sancto
1715 1142 1819 1184 sanetae

1032 1223 1092 1289 crit,
1107 1232 1130 1276 et
1142 1239 1200 1276 cnm
1215 1222 1267 1276 tiro
1278 1223 1410 1276 innocente
1422 1217 1568 1276 iunocenter
1580 1225 1649 1290 oper.
1662 1219 1725 1275 Cum
1739 1222 1818 1276 eleeto

1032 1315 1123 1369 eiectus
1138 1314 1198 1380 retr,
1214 1323 1236 1368 et
1255 1329 1312 1366 cum
1336 1328 1450 1383 perterre
1474 1314 1621 1380 perverteris
1641 1311 1816 1383 (Protulit.

1033 1407 1066 1461 Et
1086 1407 1229 1473 aposolus
1249 1405 1351 1476 inqiut:
1368 1404 1516 1458 Pervertunt
1538 1421 1619 1458 utores
1639 1404 1717 1458 donor
1738 1404 1816 1458 colio·

193 1491 328 1544 inundarit
351 1506 394 1546 rue
413 1492 445 1545 ad
464 1508 494 1548 se
514 1497 605 1548 uenire
623 1498 733 1565 pacitice
753 1511 801 1565 pro
823 1496 980 1565 qrrltrusdam
1031 1500 1091 1572 puin
1109 1501 1178 1553 ronta
1198 1496 1231 1571 (1
1243 1498 1301 1553 Cor,
1314 1498 1372 1564 ιι).
1397 1496 1508 1561 idcirco,
1523 1506 1552 1550 ut
1569 1495 1623 1565 jorn
1646 1495 1816 1565 praeldroturu

192 1583 382 1639 ecciesiasticis
396 1587 618 1655 dispositionibus
632 1593 658 1642 in
675 1590 799 1654 palatium
817 1589 905 1644 Piueis
917 1589 938 1653 ⁸,
955 1599 982 1643 et
1031 1602 1088 1656 est,
1106 1589 1168 1644 rnoli
1184 1604 1291 1658 scrrrprr
1304 1587 1436 1651 careruii,
1453 1597 1478 1640 et
1493 1584 1570 1640 lionis
1585 1599 1664 1657 atque
1680 1584 1817 1640 benetalis

192 1675 226 1729 ari
253 1677 368 1745 primum
395 1687 422 1730 et
448 1679 595 1732 secundum
623 1678 711 1732 tolum
737 1679 847 1733 retinuit
874 1695 980 1733 omnem
1031 1692 1073 1738 est
1097 1682 1296 1746 inherendum,
1319 1690 1348 1734 ut
1372 1679 1517 1749 periculum
1541 1677 1664 1748 desidiae,
1689 1688 1817 1747 quantum

172 1804 174 1809 -
191 1770 292 1824 elerum
309 1780 336 1825 et
350 1774 475 1841 populum
495 1774 540 1842 qui
556 1787 659 1827 mecum
675 1773 815 1837 rerrlebat,
830 1782 857 1827 et
876 1772 977 1828 nullum
993 1789 1017 1851 b
1032 1787 1183 1843 possumus,
1198 1770 1210 1804 ⁸
1224 1773 1372 1826 devitemus
1386 1808 1393 1835 ,
1407 1781 1429 1824 ιι
1447 1786 1480 1823 ne
1496 1770 1576 1838 pestis
1599 1771 1656 1823 irrrc
1676 1768 1754 1823 latius
1773 1768 1817 1823 di·

198 1865 319 1931 permisir
335 1866 446 1922 introire
461 1867 511 1921 nisi
530 1881 573 1922 me
587 1868 690 1934 solum,
703 1878 730 1922 et
745 1867 867 1938 vigilium
886 1867 977 1924 diveo-

192 1973 254 2012 nem
270 1973 369 2013 meum.
389 1959 430 2014 lle
444 1974 507 2014 roro
526 1960 552 2014 vi
567 1970 671 2015 retento
692 1971 719 2016 et
738 1970 800 2016 ante
825 1960 978 2027 predictam

170 2052 329 2118 patriciam
353 2051 483 2119 deducto,
509 2052 639 2107 irriserunt
659 2052 685 2107 iu
711 2054 853 2120 ansuinum,
872 2053 898 2108 in
923 2069 978 2124 rpoo

191 2141 273 2197 trtodo
285 2151 420 2198 sustentor
436 2159 503 2210 poue
515 2144 706 2205 tribulationis.
718 2155 746 2200 et
758 2161 825 2216 aqtta
837 2148 977 2217 anguetia‘.

192 2232 249 2298 Ego
265 2242 352 2288 tomen
369 2244 510 2305 propterea
527 2253 579 2291 nou
594 2237 698 2306 dimisi,
714 2253 763 2294 nec
788 2239 894 2294 dimitto
916 2240 978 2295 oili-

190 2325 261 2379 clum
281 2341 389 2381 mcuur:
406 2329 452 2382 sed
477 2344 537 2382 curu
558 2329 706 2399 epireopis,
727 2345 794 2398 onos
815 2347 979 2401 congregare

169 2419 280 2485 potui.
295 2433 342 2473 eos
363 2422 407 2489 qui
424 2421 485 2474 talin
503 2436 564 2490 erga
585 2437 627 2477 nro
651 2431 781 2491 egerunt,
801 2426 978 2479 anathemati-

190 2525 249 2564 aaut
263 2511 285 2571 ⁸,
299 2521 327 2566 et
339 2528 392 2566 uno
405 2527 465 2566 curn
482 2513 535 2567 iilia
547 2515 695 2587 apostolica
712 2525 738 2570 et
753 2516 874 2586 synodali
888 2527 980 2572 aucto·

190 2603 271 2655 ritate
285 2603 380 2667 statur,
403 2609 503 2658 uultum
526 2620 642 2674 unrpuaru
664 2607 753 2662 taliter
774 2606 976 2676 decipiendum,

190 2691 260 2746 sicut
281 2693 408 2760 deceptus
432 2709 509 2759 surn;
529 2703 556 2749 et
580 2695 602 2751 si
629 2696 725 2766 alionis
747 2696 875 2767 deinceps
895 2698 978 2751 ullum

192 2798 310 2850 rruqrrom
329 2786 516 2855 episcoporum
536 2788 571 2840 ita
594 2788 745 2858 deciperet,
761 2791 903 2845 anathemo
925 2807 980 2844 ma-

193 2874 303 2927 ranatlru
319 2874 394 2929 deret
405 2875 430 2929 io
447 2887 590 2946 conspectu
603 2877 649 2932 liei
664 2889 689 2933 et
703 2888 856 2934 sanctorum
871 2881 980 2950 angelo·

191 2978 262 3020 rum.
277 2964 406 3021 Similiter
419 2979 572 3023 sauctorum
584 2969 690 3024 Patriam
704 2970 862 3025 roborantes
872 2972 978 3028 decreta

192 3056 335 3110 statuimus
351 3056 426 3128 (licet
441 3057 587 3127 saepissime
600 3058 656 3129 jum
674 3068 801 3116 statutum
822 3061 911 3133 luerit)
930 3079 979 3121 oco

1031 1865 1160 1935 vulgetur,
1174 1865 1316 1920 ser-oritate
1328 1876 1377 1932 quo
1393 1874 1531 1930 possumus
1544 1855 1809 1932 abscindamrra:quo

1031 1958 1102 2013 triam
1117 1973 1169 2012 nou
1196 1955 1333 2010 temeritas
1355 1952 1499 2008 intervenit
1523 1949 1749 2023 prusrtruptioois,
1772 1949 1816 2004 ulrl

1030 2057 1072 2104 est
1086 2046 1220 2117 diligentia
1236 2045 1350 2113 pietatis.
1363 2043 1431 2112 Agat
1445 2057 1551 2112 semper
1564 2043 1745 2111 unusuuisqoe
1757 2054 1817 2096 res·

1031 2150 1099 2196 trurn
1125 2141 1174 2194 liae
1195 2137 1381 2194 informatione
1395 2139 1415 2202 ⁷,
1446 2135 1592 2206 apostoliea
1616 2134 1698 2188 initus
1724 2137 1816 2189 aucto·

1031 2236 1122 2291 ritote.
1141 2232 1216 2302 juxta
1232 2232 1302 2286 vires
1326 2245 1402 2296 suas,
1423 2238 1450 2285 et
1472 2230 1586 2284 fraterno
1609 2226 1764 2295 dilectione,
1785 2242 1816 2282 ae

1030 2334 1121 2380 sonata
1145 2323 1277 2394 relssgione
1301 2337 1389 2377 mores
1414 2320 1538 2392 proprios
1560 2335 1728 2386 conseruare,
1743 2327 1771 2374 et
1789 2319 1817 2375 io

1031 2415 1166 2472 communi
1188 2414 1346 2468 alterutrum
1362 2413 1499 2484 adjurare,
1513 2423 1539 2466 ot
1561 2412 1587 2465 ln
1607 2411 1736 2465 clraritute
1756 2427 1816 2476 per·

1031 2523 1150 2574 creauere,
1168 2516 1196 2560 et
1211 2506 1258 2561 liei
1273 2506 1404 2559 uoluntati
1420 2505 1600 2559 indesinenter
1612 2503 1716 2558 studeat
1730 2503 1815 2558 intim-

1030 2616 1105 2666 rerc,
1126 2610 1153 2652 ut
1178 2598 1255 2653 sinrui
1281 2598 1418 2653 laudantes
1435 2597 1592 2660 bominum,
1617 2595 1764 2652 indefessus
1778 2595 1816 2650 ilii

1030 2691 1127 2763 gratias
1144 2704 1251 2759 semper
1269 2703 1389 2757 agamus.
1404 2688 1471 2743 l'ale
1484 2689 1510 2741 in
1525 2687 1645 2751 Clrrlsto,
1660 2685 1816 2742 charissimo

1031 2798 1146 2852 semper,
1161 2791 1188 2837 et
1203 2781 1328 2851 predicta
1345 2791 1423 2850 prout
1445 2780 1541 2834 nrellus
1565 2780 1679 2849 poteris,
1705 2778 1817 2833 Dourdon

1031 2891 1109 2944 opero
1124 2873 1408 2941 irrerre,ndirrrptere‚
1424 2884 1450 2927 et
1473 2873 1588 2943 reliquos
1604 2873 1699 2928 iratres
1709 2885 1816 2942 aposto·

1031 2950 1083 3024 lica
1098 2966 1257 3022 auctoritate
1272 2965 1417 3021 informare
1436 2967 1552 3020 studeto.
1569 2966 1631 3020 itata
1648 2964 1817 3020 incolendas

1032 3057 1196 3121 Decembris,
1221 3055 1371 3110 lrrstinirmn
1384 3056 1506 3125 quintum
1518 3057 1540 3121 ⁸,
1553 3067 1581 3111 et
1597 3055 1726 3113 belisario
1739 3053 1816 3130 [lob

191 3144 285 3209 talsos,
300 3161 349 3202 uec
364 3148 486 3204 inimicos
499 3161 639 3218 suspectos
654 3162 823 3208 accusatores
839 3153 878 3209 rel
895 3163 976 3212 testes
990 3167 1014 3230 C
1031 3145 1144 3220 lisiario]
1157 3146 1220 3202 viris
1231 3146 1388 3204 clarissimis
1402 3147 1567 3203 consulibus.

171 3302 174 3309 ¹
191 3250 306 3309 ntiquom
320 3255 401 3312 super
413 3241 554 3314 episcopos
565 3243 679 3314 suscipi,
693 3245 785 3315 eisque
802 3261 900 3303 nocere
914 3249 973 3303 nul-

228 3378 235 3407 ¹
248 3374 326 3430 ttrsstt
341 3377 468 3446 burgustae
483 3375 642 3433 Theodorae.

169 3478 172 3483 ,
227 3447 238 3480 ¹
252 3447 407 3515 briastosiua
420 3456 465 3500 aut
475 3446 535 3517 quis
548 3446 617 3502 nlius
627 3455 721 3503 auctor
733 3448 905 3519 pontificalis.

226 3514 237 3546 ⁸
251 3517 323 3570 oilae
337 3518 458 3586 principis
472 3560 479 3582 ,
492 3526 522 3572 nt
535 3519 559 3571 lu
572 3532 597 3573 e.
608 3517 678 3574 lost.

226 3583 327 3641 ‘Sena
340 3589 383 3641 itta
394 3588 420 3640 in
439 3588 517 3659 vigil.
528 3588 580 3643 lata
596 3589 692 3646 merito
705 3598 841 3662 suspecta,
853 3601 881 3645 ιιι
897 3589 976 3660 paulo

167 3674 170 3679 ·
191 3665 253 3713 ante
264 3658 474 3714 observavimus.

1064 3374 1075 3412 ⁸
1092 3378 1153 3433 linc
1162 3378 1216 3444 jam
1228 3392 1300 3445 saepe
1312 3377 1409 3446 sepius
1418 3376 1452 3432 ab
1463 3375 1564 3432 laidoro
1574 3376 1600 3432 in
1614 3372 1683 3430 lictis
1693 3372 1813 3444 epistolis

1027 3449 1285 3588 ιιιιιιιι
1304 3517 1385 3583 ,ι

1063 3590 1073 3621 '
1088 3589 1108 3645 S
1133 3588 1252 3644 Borriiae.
1264 3589 1332 3658 biog.
1345 3589 1463 3658 arclriep.
1477 3587 1520 3643 ll.

1063 3661 1231 3713 'Corrsuiuru
1246 3667 1306 3712 uota
1324 3659 1401 3714 laisa.

205 3781 1792 3826 mm

843 3886 928 3930 runo
949 3885 1061 3928 nourur
1085 3866 1157 3926 ιιιι.

157 4249 160 4271 2
517 4010 618 4219 s.
683 4005 1486 4218 uuuuauuins

158 4432 161 4443 .
233 4309 1018 4472 uovuuttausts
1083 4306 1764 4469 uutseouus

766 4581 862 4638 Notitia
881 4578 1023 4650 llargarini
1041 4578 1075 4633 de
1094 4579 1117 4633 Ιι
1138 4578 1227 4647 liigrre.

876 4698 1126 4714 ψ

223 4787 297 4842 Ηιιιιι
315 4796 376 4843 osse
394 4787 517 4855 suspicor
536 4784 708 4841 Laurentium
730 4783 858 4854 priorem,
874 4778 919 4848 oui
936 4793 969 4834 et
984 4777 1072 4842 [ibus
1086 4779 1112 4834 in
1132 4776 1322 4836 Mediolanensi
1339 4782 1436 4834 tirrouo
1455 4779 1528 4833 seder
1536 4788 1582 4831 unt
1606 4785 1665 4847 post
1687 4775 1807 4830 Lauren·

190 4880 347 4934 Novarionei
371 4878 455 4933 iactura
471 4881 507 4933 sit
527 4875 733 4933 Mediolanensis
752 4873 972 4943 archiepiscopus
996 4889 1000 4897 ·

183 4971 327 5038 vigesimus
342 4969 461 5038 quintus,
475 4967 508 5022 ad
529 4981 629 5022 annum
642 4965 743 5022 christi
756 4963 819 5027 tot,
833 4961 910 5032 cujus
929 4977 974 5016 cu·

183 5061 268 5116 ronna
285 5058 407 5113 rideatur
418 5051 556 5115 celebrare
576 5056 714 5113 Ennodius
728 5056 778 5126 (n).
801 5054 830 5110 lu
850 5051 973 5109 Dictione

185 5155 266 5206 rrrissa
287 5149 423 5203 llonorato
437 5148 565 5216 episcopo
578 5145 736 5202 Norarieusi
755 5146 781 5199 io
800 5143 972 5199 dedicatione

181 5240 302 5295 lrasilierc
317 5238 579 5308 apostolorumque
594 5239 674 5293 etiam
690 5238 841 5292 lionoratua
858 5235 972 5289 admini-

183 5340 268 5386 strato
281 5328 436 5385 Nouarieosi
448 5328 605 5399 episcopatu
620 5328 698 5382 anuis
709 5327 818 5398 triginta
829 5334 891 5381 octo
901 5325 972 5397 (uui-

218 5474 257 5537 (ιι)
272 5469 346 5530 l'eni.
369 5468 463 5534 innuit,
485 5467 597 5531 piissime
619 5464 735 5526 briniae,
756 5471 822 5525 ιιι..
850 5469 968 5516 moratur

184 5553 329 5593 torretorum
343 5539 503 5593 rrrrrdorrm
524 5537 627 5601 merito,
643 5537 716 5590 eiecti
736 5535 842 5589 seorsim
856 5548 968 5603 proterr-

165 5610 216 5681 ,tir
229 5611 307 5678 putria
328 5611 408 5664 nostri
427 5607 557 5662 Laurentii
580 5605 744 5668 constitutio,
761 5607 804 5672 arti
822 5612 857 5657 tot
877 5601 967 5668 pirron

165 5679 284 5732 ‘docitur
303 5685 337 5731 nt
361 5678 480 5735 llccieaioe
501 5678 632 5750 trittipium
656 5677 743 5742 creuit,
764 5683 825 5741 quot
848 5673 966 5742 perorent

185 5764 306 5806 tri-noune
320 5749 421 5821 tssrrpuio
435 5760 538 5820 quante
548 5751 696 5821 pontificem
712 5747 736 5802 iu
749 5744 965 5818 perterruerat

1025 4869 1092 4924 tiurn
1115 4871 1243 4939 priorem,
1266 4871 1296 4925 S.
1322 4870 1479 4939 Eusturgius
1503 4882 1566 4922 anu.
1589 4869 1617 4933 i,
1637 4867 1666 4921 S.
1690 4865 1812 4932 ilarnus,

1023 4974 1086 5016 ann.
1101 4962 1129 5027 5,
1142 4961 1171 5017 S.
1181 4961 1344 5016 botiusann.
1357 4960 1403 5019 tt.
1418 4959 1448 5015 S.
1460 4957 1551 5012 llitaiis
1562 4971 1624 5012 aun.
1637 4956 1665 5018 d,
1674 4954 1703 5010 S.
1718 4958 1810 5010 tora·

1024 5065 1074 5106 nus
1098 5067 1163 5107 anu.
1183 5049 1225 5122 i),
1248 5049 1282 5105 od
1306 5048 1566 5118 archiepiscopatum
1586 5044 1813 5101 llediolaoeueeru

1023 5148 1133 5195 erectos
1151 5140 1196 5203 sit,
1219 5155 1273 5195 oon
1288 5140 1324 5195 ita
1339 5139 1424 5195 multo
1442 5148 1505 5193 ante
1526 5133 1763 5206 longobardorum
1784 5134 1813 5191 itt

1024 5232 1126 5289 ltaliam
1140 5233 1294 5289 adrentum.

1022 5459 1105 5531 operia
1119 5460 1234 5529 princeps
1249 5469 1272 5513 et
1288 5460 1425 5512 irorrettotia
1437 5467 1517 5512 rrrnter
1530 5456 1694 5519 vererundia,
1708 5456 1812 5525 relipia·

1021 5534 1062 5584 nit
1077 5539 1173 5584 tantine
1191 5530 1278 5583 natue
1301 5531 1434 5601 pollentio,
1455 5527 1536 5583 Derrnr
1556 5544 1654 5594 temper
1675 5526 1809 5591 ptrrrrrrrr

1021 5602 1113 5670 pictor,
1129 5611 1152 5654 et
1167 5615 1223 5670 pure
1239 5597 1427 5654 ilceleriurticir
1445 5599 1562 5652 mererinia
1577 5615 1629 5654 uorr
1641 5613 1756 5654 sumone
1770 5599 1808 5652 oi·

1021 5682 1053 5727 tot
1067 5673 1183 5727 instituto
1198 5671 1290 5726 tribuet
1312 5671 1357 5725 ret
1368 5671 1500 5741 exemptis,
1515 5677 1567 5725 etc.
